3626 5598
829 691 868 752 51

281 871 1412 959 ῖιιοὶινωὶηόθτέιοτονέειν,(ροοθόθιιίοτ,θέἐκιοοιμοότοιν,
1507 903 1512 914 ·

284 1005 367 1068 quae
400 988 502 1069 aptior
535 989 686 1050 correctio
722 988 858 1069 videtur,
894 1006 999 1070 neque
1034 989 1129 1050 etiam
1162 987 1256 1052 hodie
1289 988 1411 1070 reperio

294 1098 380 1181 quod
403 1099 518 1162 melius
541 1098 743 1164 substituam,
767 1100 820 1164 Ad
843 1101 1015 1184 imaginem
1039 1098 1077 1163 cl.
1100 1098 1139 1163 N.
1163 1099 1213 1162 XI
1237 1101 1287 1162 38.

329 1294 368 1358 V.
400 1295 451 1358 66.
485 1299 588 1376 χειρῶν
621 1319 654 1360 τε
686 1294 739 1360 aul
770 1295 881 1376 ἰσχύος.
912 1297 1014 1362 Schol.
1038 1296 1278 1376 εὐχερείας
1301 1319 1335 1360 τε
1358 1295 1411 1360 aul

288 1405 399 1487 ἰσχύος.
425 1407 608 1492 Corrigatur
630 1409 673 1472 εὐ
684 1430 711 1488 χ
722 1433 736 1472 ε
747 1432 755 1472 ι
767 1433 781 1489 ρ
794 1409 805 1473 l
813 1431 835 1472 οι
847 1434 872 1481 ς.
894 1409 1052 1494 Perpetuo
1065 1411 1143 1474 haec
1155 1410 1408 1474 confunduntur.

330 1592 421 1658 Nem.
444 1593 509 1656 VH
533 1595 584 1657 12.
909 1591 962 1657 rai
987 1591 1122 1671 μερόλοιι
1145 1592 1203 1674 pap
1225 1594 1320 1658 οέλιιοιό

418 1705 520 1770 ονότον
543 1706 634 1770 τολὺν
657 1703 754 1784 ὕμνων
776 1704 875 1785 ἔχοντι
897 1707 915 1770 δ
927 1731 941 1770 ε
952 1705 967 1771 ό
977 1731 1002 1783 μ
1015 1731 1029 1770 ε
1041 1730 1055 1769 ν
1067 1731 1088 1770 οι
1100 1730 1117 1770 ι.

330 1818 422 1904 Legit
453 1822 499 1884 sic
529 1822 594 1884 iam
621 1819 798 1885 Scholiasta
819 1823 1047 1904 interpretatus
1070 1821 1221 1901 χρῄζοντα
1248 1820 1407 1905 (κοιτορόιό-

287 1933 408 2018 μοιτιι).
427 1933 645 1998 Nihilominus
665 1934 757 1998 valde
777 1941 962 2018 suspectum
975 1940 1023 1998 est
1035 1931 1168 2010 δεόμενοι
1181 1936 1249 1998 sine
1262 1935 1407 2018 exemplo

288 2045 408 2111 dictum
432 2065 489 2129 pro
512 2045 684 2123 ἐνδεόμενοι,
710 2067 733 2110 s.
758 2045 862 2118 ἐνδεεῖς
883 2039 974 2109 οὗτοι.
997 2044 1101 2122 Quare
1124 2048 1269 2130 suspicor
1285 2051 1409 2130 poetam

223 2197 225 2201 -
289 2159 413 2223 dedisse
455 2156 556 2222 τενό
568 2181 718 2235 μενοι,
754 2179 818 2242 quo
857 2159 954 2224 verbo
990 2160 1136 2224 similiter
1171 2161 1323 2224 translate
1358 2162 1413 2224 usi

289 2277 366 2336 sunt
398 2291 423 2335 c.
446 2292 473 2336 a
507 2272 688 2354 Aeschylus
721 2271 815 2336 llum.
850 2273 915 2335 409
947 2277 978 2337 et
1008 2271 1177 2356 Euripides
1203 2272 1311 2356 Suppl.
1339 2274 1422 2358 222,

291 2385 559 2468 quemadmodum
583 2387 651 2469 ipse
674 2385 834 2450 Pindarus
858 2389 983 2457 τοιοῦτος
1005 2387 1218 2469 metaphorice
1244 2388 1413 2470 usurpavit

289 2497 324 2560 P.
347 2496 396 2559 VI
419 2499 470 2561 47.
494 2497 562 2562 Nee
585 2497 696 2562 δεῖοόοιι
720 2518 779 2562 neo
802 2497 937 2562 τένεοόοιι
962 2498 1037 2563 alibi
1061 2500 1146 2583 apud
1169 2505 1316 2564 nostrum
1341 2520 1415 2564 nos-

290 2618 377 2676 trum
399 2613 559 2696 leguntur,
583 2614 640 2696 qui
663 2615 758 2676 etiam
782 2633 802 2676 a
823 2615 1006 2696 compositis
1025 2613 1116 2677 verbi
1132 2610 1236 2688 δέομοιι
1252 2613 1414 2677 abstinuit

334 2797 374 2860 V.
400 2798 449 2861 16.
479 2794 596 2878 adparat
623 2795 729 2862 ι’ότοινοι
752 2799 871 2876 μόχθων
896 2796 1085 2869 κλντοιός
1108 2795 1198 2860 ἐντέων
1221 2797 1267 2861 οέο
1283 2797 1379 2861 ιδιιί
1392 2822 1416 2870 ς.

336 2908 388 2974 Sic
412 2909 494 2974 Pin
508 2910 538 2974 d.
566 2912 606 2973 27
631 2913 755 2976 correxi
778 2931 835 2996 pro
857 2916 983 2983 κοντοῖς
1009 2949 1050 2958 -
1070 2910 1189 2983 οέοιδοιῖς,
1212 2912 1249 2975 cl.
1270 2911 1418 2975 P.1113.

292 3022 364 3086 Vid.
393 3022 500 3107 Bergk
531 3023 571 3087 ad
596 3023 632 3087 P.
656 3024 690 3087 11
714 3025 766 3106 21,
789 3024 846 3088 ubi
869 3029 975 3090 tomen
999 3025 1140 3109 praefero
1164 3025 1417 3104 ἐφετμαῖς,

292 3137 492 3220 iungendum
515 3157 589 3202 cum
612 3137 718 3202 verbis
742 3139 771 3202 ἐν
794 3138 938 3218 πτερόεντι
963 3177 1005 3187 -
1028 3139 1239 3216 κυλινδόμενον.

338 3319 375 3385 V.
401 3323 450 3386 36.
484 3322 713 3408 Neoptolemus
743 3323 875 3408 Delphis
900 3326 1047 3409 sepultus
1071 3345 1141 3391 esse
1164 3332 1322 3410 narratur,
1348 3335 1418 3408 Πρι-

294 3433 372 3511 οόμον
406 3434 489 3501 πόλιν
523 3475 565 3484 -
599 3437 663 3501 ἐπεὶ
699 3436 816 3517 τρόόεν,
847 3442 898 3519 τᾷ
930 3436 1002 3502 aa}
1028 3437 1141 3503 Διινοιοὶ
1165 3437 1305 3513 τόνιρτοιν.
1332 3439 1420 3505 Licet

296 3549 465 3614 schoHasta
485 3552 550 3614 iam
573 3552 617 3615 ita
638 3552 757 3634 legisse
781 3551 939 3633 videatur,
959 3571 1023 3616 non
1044 3557 1149 3617 tamen
1171 3554 1307 3637 expedio
1319 3572 1418 3617 vocu-

297 3662 360 3726 lam
393 3661 453 3734 κιιί,
490 3683 571 3747 quae
602 3665 648 3727 sic
678 3669 803 3729 tantum
836 3669 920 3729 recte
942 3665 1112 3750 legeretur,
1137 3667 1165 3730 si
1187 3665 1416 3750 Neoptolemus

295 3796 360 3841 non
390 3776 505 3841 fuisset
533 3779 601 3861 ipse
626 3776 774 3842 Graecus.
797 3777 1052 3862 Expectaveram
1076 3780 1175 3863 igitur
1197 3783 1248 3860 τᾷ
1270 3801 1344 3858 τερ
1368 3779 1421 3844 vel

297 3893 346 3970 τρῖ
370 3889 415 3961 δὴ
441 3887 554 3953 Δοινοιοὶ
578 3888 717 3974 τόνιρτοιν.

341 4072 381 4136 V.
404 4075 455 4138 42.
479 4073 658 4153 όεμόοιιοιτον.
685 4075 787 4141 Schol.
810 4075 960 4141 δι’κιιιον
984 4074 1096 4156 ἔφορον.
1120 4077 1224 4141 Immo
1248 4075 1419 4141 δικοιόον.

342 4258 381 4322 V.
419 4261 468 4323 58.
504 4259 637 4340 Θεοιρόον,
669 4258 717 4325 τόν
747 4260 773 4324 δ’
809 4259 921 4324 ἐοινότοι
951 4259 1010 4324 κτέ.
1045 4261 1099 4324 Ad
1123 4260 1205 4324 hanc
1228 4265 1420 4326 structuram

299 4373 428 4438 Graecis
462 4374 646 4438 sollemnem
676 4374 714 4438 ol.
744 4373 879 4438 Porsoni
903 4378 1010 4438 notam
1034 4374 1074 4437 ad
1099 4373 1199 4438 Orest.
1226 4375 1303 4458 614,
1328 4381 1359 4440 et
1382 4395 1424 4440 ex

298 4493 406 4552 nostro
430 4508 508 4553 mox
529 4509 559 4552 v.
584 4489 635 4551 86.
658 4487 697 4551 N.
721 4488 755 4550 ΙΙ
779 4489 828 4551 14.
852 4488 887 4551 P.
913 4489 944 4549 V
970 4489 1020 4551 60.
1044 4487 1095 4550 XI
1119 4489 1172 4551 41.
