<?xml version="1.0" encoding="UTF-8"?>
<!DOCTYPE html PUBLIC "-//W3C//DTD XHTML 1.0 Transitional//EN"
    "http://www.w3.org/TR/xhtml1/DTD/xhtml1-transitional.dtd">
<html xmlns="http://www.w3.org/1999/xhtml" xml:lang="en" lang="en">
 <head>
  <title>
</title>
<meta http-equiv="Content-Type" content="text/html;charset=utf-8" />
  <meta name='ocr-system' content='tesseract 3.04.00' />
  <meta name='ocr-capabilities' content='ocr_page ocr_carea ocr_par ocr_line ocrx_word'/>
</head>
<body>
  <div class='ocr_page' id='page_1' title='image "./studiacriticaet00herwgoog_0013.png"; bbox 0 0 3626 5598; ppageno 0'>
   <div class='ocr_carea' id='block_1_1' title="bbox 940 711 958 772">
    <p class='ocr_par' dir='ltr' id='par_1_1' title="bbox 940 711 958 772">
     <span class='ocr_line' id='line_1_1' title="bbox 940 711 958 772; baseline 0 0"><span class='ocrx_word' id='word_1_1' title='bbox 940 711 958 772; x_wconf 88' lang='lat'>6</span> 
     </span>
    </p>
   </div>
   <div class='ocr_carea' id='block_1_2' title="bbox 350 895 1509 4598">
    <p class='ocr_par' dir='ltr' id='par_1_2' title="bbox 386 895 1508 1415">
     <span class='ocr_line' id='line_1_2' title="bbox 430 895 1508 984; baseline 0.005 -24"><span class='ocrx_word' id='word_1_2' title='bbox 430 895 624 981; x_wconf 89' lang='lat' dir='ltr'><strong>Nuperrimc</strong></span> <span class='ocrx_word' id='word_1_3' title='bbox 656 895 763 960; x_wconf 89' lang='lat' dir='ltr'><strong>Naber</strong></span> <span class='ocrx_word' id='word_1_4' title='bbox 792 897 909 961; x_wconf 87' lang='lat' dir='ltr'><strong>Mnem.</strong></span> <span class='ocrx_word' id='word_1_5' title='bbox 935 899 1028 974; x_wconf 79' lang='lat'><strong>1884,</strong></span> <span class='ocrx_word' id='word_1_6' title='bbox 1051 919 1120 983; x_wconf 81' lang='lat' dir='ltr'><strong>pag.</strong></span> <span class='ocrx_word' id='word_1_7' title='bbox 1146 902 1187 962; x_wconf 87' lang='grc'><strong>25</strong></span> <span class='ocrx_word' id='word_1_8' title='bbox 1211 920 1289 984; x_wconf 80' lang='lat' dir='ltr'><strong>sqq,</strong></span> <span class='ocrx_word' id='word_1_9' title='bbox 1319 919 1384 964; x_wconf 92' lang='lat' dir='ltr'><strong>non</strong></span> <span class='ocrx_word' id='word_1_10' title='bbox 1403 899 1508 965; x_wconf 88' lang='lat' dir='ltr'><strong>ferens</strong></span> 
     </span>
     <span class='ocr_line' id='line_1_3' title="bbox 388 1009 1508 1098; baseline 0.004 -24"><span class='ocrx_word' id='word_1_11' title='bbox 388 1030 484 1094; x_wconf 93' lang='lat' dir='ltr'><strong>quam</strong></span> <span class='ocrx_word' id='word_1_12' title='bbox 507 1030 582 1073; x_wconf 92' lang='lat' dir='ltr'><strong>cum</strong></span> <span class='ocrx_word' id='word_1_13' title='bbox 602 1009 782 1094; x_wconf 88' lang='lat' dir='ltr'><strong>Hartnngio</strong></span> <span class='ocrx_word' id='word_1_14' title='bbox 802 1011 937 1094; x_wconf 90' lang='lat' dir='ltr'><strong>aliisque</strong></span> <span class='ocrx_word' id='word_1_15' title='bbox 955 1013 990 1074; x_wconf 91' lang='lat' dir='ltr'><strong>in</strong></span> <span class='ocrx_word' id='word_1_16' title='bbox 1013 1011 1191 1077; x_wconf 83' lang='lat' dir='ltr'><strong>Pindaricis</strong></span> <span class='ocrx_word' id='word_1_17' title='bbox 1215 1015 1294 1078; x_wconf 91' lang='lat' dir='ltr'><strong>meis</strong></span> <span class='ocrx_word' id='word_1_18' title='bbox 1313 1035 1342 1098; x_wconf 91' lang='lat' dir='ltr'><strong>p.</strong></span> <span class='ocrx_word' id='word_1_19' title='bbox 1358 1015 1374 1076; x_wconf 91' lang='lat' dir='ltr'><strong>l</strong></span> <span class='ocrx_word' id='word_1_20' title='bbox 1390 1018 1508 1079; x_wconf 89' lang='lat' dir='ltr'><strong>statue·</strong></span> 
     </span>
     <span class='ocr_line' id='line_1_4' title="bbox 387 1122 1508 1211; baseline 0.004 -24"><span class='ocrx_word' id='word_1_21' title='bbox 387 1123 459 1187; x_wconf 88' lang='lat' dir='ltr'><strong>bam</strong></span> <span class='ocrx_word' id='word_1_22' title='bbox 490 1124 686 1187; x_wconf 87' lang='lat' dir='ltr'><strong>coniunctivi</strong></span> <span class='ocrx_word' id='word_1_23' title='bbox 716 1122 848 1186; x_wconf 87' lang='lat' dir='ltr'><strong>formam</strong></span> <span class='ocrx_word' id='word_1_24' title='bbox 879 1123 1092 1207; x_wconf 79' lang='lat' dir='ltr'><strong>Homericam,</strong></span> <span class='ocrx_word' id='word_1_25' title='bbox 1116 1127 1320 1190; x_wconf 86' lang='lat' dir='ltr'><strong>scribendum</strong></span> <span class='ocrx_word' id='word_1_26' title='bbox 1342 1129 1508 1211; x_wconf 87' lang='lat' dir='ltr'><strong>proposuit</strong></span> 
     </span>
     <span class='ocr_line' id='line_1_5' title="bbox 386 1235 1506 1324; baseline 0.005 -25"><span class='ocrx_word' id='word_1_27' title='bbox 386 1235 464 1300; x_wconf 80' lang='grc' dir='ltr'><em>αὔδα</em></span> <span class='ocrx_word' id='word_1_28' title='bbox 495 1235 530 1300; x_wconf 85' lang='grc' dir='ltr'><strong>σά</strong></span> <span class='ocrx_word' id='word_1_29' title='bbox 566 1260 615 1313; x_wconf 78' lang='grc' dir='ltr'><strong>μοι</strong></span> <span class='ocrx_word' id='word_1_30' title='bbox 639 1238 759 1301; x_wconf 92' lang='lat' dir='ltr'><strong>addens</strong></span> <span class='ocrx_word' id='word_1_31' title='bbox 784 1257 869 1318; x_wconf 85' lang='lat' dir='ltr'><strong>,noc</strong></span> <span class='ocrx_word' id='word_1_32' title='bbox 892 1245 976 1302; x_wconf 88' lang='lat' dir='ltr'><strong>certe</strong></span> <span class='ocrx_word' id='word_1_33' title='bbox 1000 1241 1171 1324; x_wconf 92' lang='lat' dir='ltr'><strong>quisquam</strong></span> <span class='ocrx_word' id='word_1_34' title='bbox 1192 1240 1269 1304; x_wconf 91' lang='lat' dir='ltr'><strong>dicit</strong></span> <span class='ocrx_word' id='word_1_35' title='bbox 1288 1241 1417 1322; x_wconf 77' lang='lat' dir='ltr'><strong>(dicati)</strong></span> <span class='ocrx_word' id='word_1_36' title='bbox 1437 1261 1506 1305; x_wconf 88' lang='lat' dir='ltr'><strong>eam</strong></span> 
     </span>
     <span class='ocr_line' id='line_1_6' title="bbox 387 1350 1014 1415; baseline 0.002 -1"><span class='ocrx_word' id='word_1_37' title='bbox 387 1350 577 1414; x_wconf 89' lang='lat' dir='ltr'><strong>medicinam</strong></span> <span class='ocrx_word' id='word_1_38' title='bbox 602 1351 698 1414; x_wconf 92' lang='lat' dir='ltr'><strong>nimis</strong></span> <span class='ocrx_word' id='word_1_39' title='bbox 720 1351 891 1414; x_wconf 87' lang='lat' dir='ltr'><strong>violentam</strong></span> <span class='ocrx_word' id='word_1_40' title='bbox 915 1350 1014 1415; x_wconf 90' lang='lat' dir='ltr'><strong>esse.&#39;&#39;</strong></span> 
     </span>
    </p>

    <p class='ocr_par' dir='ltr' id='par_1_3' title="bbox 350 1462 1509 4598">
     <span class='ocr_line' id='line_1_7' title="bbox 433 1462 1507 1548; baseline 0.004 -23"><span class='ocrx_word' id='word_1_41' title='bbox 433 1462 597 1547; x_wconf 77' lang='lat' dir='ltr'><strong>Quidquid</strong></span> <span class='ocrx_word' id='word_1_42' title='bbox 621 1463 674 1526; x_wconf 90' lang='lat' dir='ltr'><strong>alii</strong></span> <span class='ocrx_word' id='word_1_43' title='bbox 699 1463 816 1527; x_wconf 90' lang='lat' dir='ltr'><strong>dicturi</strong></span> <span class='ocrx_word' id='word_1_44' title='bbox 839 1469 925 1546; x_wconf 93' lang='lat' dir='ltr'><strong>sunt,</strong></span> <span class='ocrx_word' id='word_1_45' title='bbox 947 1483 1005 1548; x_wconf 85' lang='lat' dir='ltr'><strong>ego</strong></span> <span class='ocrx_word' id='word_1_46' title='bbox 1028 1484 1094 1527; x_wconf 90' lang='lat' dir='ltr'><strong>non</strong></span> <span class='ocrx_word' id='word_1_47' title='bbox 1115 1465 1226 1528; x_wconf 89' lang='lat' dir='ltr'><strong>dicam.</strong></span> <span class='ocrx_word' id='word_1_48' title='bbox 1246 1465 1409 1530; x_wconf 80' lang='lat' dir='ltr'><strong>Facillime</strong></span> <span class='ocrx_word' id='word_1_49' title='bbox 1422 1468 1507 1530; x_wconf 91' lang='lat' dir='ltr'><strong>enim</strong></span> 
     </span>
     <span class='ocr_line' id='line_1_8' title="bbox 387 1576 1509 1662; baseline 0.004 -23"><span class='ocrx_word' id='word_1_50' title='bbox 387 1576 555 1652; x_wconf 82' lang='grc' dir='ltr'><em>αὐδάσομεν</em></span> <span class='ocrx_word' id='word_1_51' title='bbox 597 1578 686 1640; x_wconf 92' lang='lat' dir='ltr'><strong>nasci</strong></span> <span class='ocrx_word' id='word_1_52' title='bbox 727 1579 832 1659; x_wconf 90' lang='lat' dir='ltr'><strong>potuit</strong></span> <span class='ocrx_word' id='word_1_53' title='bbox 866 1596 907 1640; x_wconf 86' lang='lat' dir='ltr'><strong>ex</strong></span> <span class='ocrx_word' id='word_1_54' title='bbox 942 1576 1110 1655; x_wconf 79' lang='grc' dir='ltr'><em>αὐδάσομαι</em></span> <span class='ocrx_word' id='word_1_55' title='bbox 1144 1580 1253 1662; x_wconf 86' lang='lat' dir='ltr'><strong>(quam</strong></span> <span class='ocrx_word' id='word_1_56' title='bbox 1287 1580 1509 1644; x_wconf 85' lang='lat' dir='ltr'><strong>confusionem</strong></span> 
     </span>
     <span class='ocr_line' id='line_1_9' title="bbox 387 1689 1507 1776; baseline 0.004 -24"><span class='ocrx_word' id='word_1_57' title='bbox 387 1689 511 1754; x_wconf 90' lang='lat' dir='ltr'><strong>videbis</strong></span> <span class='ocrx_word' id='word_1_58' title='bbox 530 1691 563 1753; x_wconf 90' lang='lat' dir='ltr'><strong>in</strong></span> <span class='ocrx_word' id='word_1_59' title='bbox 588 1691 760 1754; x_wconf 85' lang='lat' dir='ltr'><strong>lectionum</strong></span> <span class='ocrx_word' id='word_1_60' title='bbox 784 1691 936 1754; x_wconf 88' lang='lat' dir='ltr'><strong>varietate</strong></span> <span class='ocrx_word' id='word_1_61' title='bbox 959 1691 1044 1775; x_wconf 90' lang='lat' dir='ltr'><strong>apud</strong></span> <span class='ocrx_word' id='word_1_62' title='bbox 1068 1691 1242 1776; x_wconf 80' lang='lat' dir='ltr'><strong>Berglrium</strong></span> <span class='ocrx_word' id='word_1_63' title='bbox 1267 1693 1306 1756; x_wconf 95' lang='lat' dir='ltr'><strong>ad</strong></span> <span class='ocrx_word' id='word_1_64' title='bbox 1331 1692 1365 1756; x_wconf 90' lang='grc' dir='ltr'><strong>Ο.</strong></span> <span class='ocrx_word' id='word_1_65' title='bbox 1386 1693 1420 1756; x_wconf 92' lang='grc' dir='ltr'>Π</span> <span class='ocrx_word' id='word_1_66' title='bbox 1446 1694 1507 1775; x_wconf 87' lang='grc'>92),</span> 
     </span>
     <span class='ocr_line' id='line_1_10' title="bbox 388 1801 1508 1887; baseline 0.002 -20"><span class='ocrx_word' id='word_1_67' title='bbox 388 1805 448 1867; x_wconf 91' lang='lat' dir='ltr'><strong>hoo</strong></span> <span class='ocrx_word' id='word_1_68' title='bbox 471 1823 547 1867; x_wconf 87' lang='lat' dir='ltr'><strong>vero</strong></span> <span class='ocrx_word' id='word_1_69' title='bbox 571 1823 612 1867; x_wconf 83' lang='lat' dir='ltr'><strong>ex</strong></span> <span class='ocrx_word' id='word_1_70' title='bbox 633 1801 712 1866; x_wconf 79' lang='grc' dir='ltr'><em>αὔδα</em></span> <span class='ocrx_word' id='word_1_71' title='bbox 735 1801 771 1866; x_wconf 88' lang='grc' dir='ltr'><strong>ον’</strong></span> <span class='ocrx_word' id='word_1_72' title='bbox 795 1825 854 1878; x_wconf 79' lang='grc' dir='ltr'><em>μοι.</em></span> <span class='ocrx_word' id='word_1_73' title='bbox 878 1801 927 1866; x_wconf 88' lang='lat' dir='ltr'><strong>De</strong></span> <span class='ocrx_word' id='word_1_74' title='bbox 949 1804 1081 1867; x_wconf 89' lang='lat' dir='ltr'><strong>remedii</strong></span> <span class='ocrx_word' id='word_1_75' title='bbox 1099 1806 1198 1887; x_wconf 82' lang='lat' dir='ltr'><strong>igitur</strong></span> <span class='ocrx_word' id='word_1_76' title='bbox 1218 1806 1346 1870; x_wconf 88' lang='lat' dir='ltr'><strong>lenitate</strong></span> <span class='ocrx_word' id='word_1_77' title='bbox 1358 1807 1508 1870; x_wconf 89' lang='lat' dir='ltr'><strong>convenit</strong></span> 
     </span>
     <span class='ocr_line' id='line_1_11' title="bbox 388 1916 1508 1998; baseline 0.002 -18"><span class='ocrx_word' id='word_1_78' title='bbox 388 1917 467 1980; x_wconf 89' lang='lat' dir='ltr'><strong>mihi</strong></span> <span class='ocrx_word' id='word_1_79' title='bbox 500 1936 574 1979; x_wconf 92' lang='lat' dir='ltr'><strong>cum</strong></span> <span class='ocrx_word' id='word_1_80' title='bbox 609 1918 720 1998; x_wconf 92' lang='lat' dir='ltr'><strong>amico,</strong></span> <span class='ocrx_word' id='word_1_81' title='bbox 755 1916 794 1980; x_wconf 91' lang='lat' dir='ltr'><strong>de</strong></span> <span class='ocrx_word' id='word_1_82' title='bbox 825 1917 966 1979; x_wconf 88' lang='lat' dir='ltr'><strong>novandi</strong></span> <span class='ocrx_word' id='word_1_83' title='bbox 997 1918 1184 1981; x_wconf 87' lang='lat' dir='ltr'><strong>necessitate</strong></span> <span class='ocrx_word' id='word_1_84' title='bbox 1209 1937 1274 1981; x_wconf 93' lang='lat' dir='ltr'><strong>non</strong></span> <span class='ocrx_word' id='word_1_85' title='bbox 1296 1920 1382 1982; x_wconf 92' lang='lat' dir='ltr'><strong>item.</strong></span> <span class='ocrx_word' id='word_1_86' title='bbox 1403 1919 1508 1983; x_wconf 79' lang='lat' dir='ltr'><strong>Teneo</strong></span> 
     </span>
     <span class='ocr_line' id='line_1_12' title="bbox 350 2029 1508 2114; baseline 0.001 -20"><span class='ocrx_word' id='word_1_87' title='bbox 350 2053 351 2058; x_wconf 49' lang='lat'>¹</span> <span class='ocrx_word' id='word_1_88' title='bbox 389 2032 474 2095; x_wconf 78' lang='lat' dir='ltr'><strong>enlm</strong></span> <span class='ocrx_word' id='word_1_89' title='bbox 499 2030 585 2114; x_wconf 92' lang='lat' dir='ltr'><strong>quod</strong></span> <span class='ocrx_word' id='word_1_90' title='bbox 609 2035 687 2093; x_wconf 90' lang='lat' dir='ltr'><strong>tunc</strong></span> <span class='ocrx_word' id='word_1_91' title='bbox 710 2029 862 2111; x_wconf 78' lang='lat' dir='ltr'><strong>dicebam,</strong></span> <span class='ocrx_word' id='word_1_92' title='bbox 885 2049 944 2093; x_wconf 91' lang='lat' dir='ltr'><strong>nec</strong></span> <span class='ocrx_word' id='word_1_93' title='bbox 966 2029 1123 2093; x_wconf 84' lang='lat' dir='ltr'><strong>refellitur</strong></span> <span class='ocrx_word' id='word_1_94' title='bbox 1148 2029 1320 2113; x_wconf 85' lang='lat' dir='ltr'><strong>aNabem,</strong></span> <span class='ocrx_word' id='word_1_95' title='bbox 1341 2029 1375 2094; x_wconf 92' lang='grc' dir='ltr'><strong>Ο.</strong></span> <span class='ocrx_word' id='word_1_96' title='bbox 1396 2031 1508 2095; x_wconf 79' lang='lat' dir='ltr'><strong>V124</strong></span> 
     </span>
     <span class='ocr_line' id='line_1_13' title="bbox 389 2138 1508 2225; baseline 0.001 -19"><span class='ocrx_word' id='word_1_97' title='bbox 389 2141 468 2223; x_wconf 75' lang='grc' dir='ltr'><strong>ὄφρα</strong></span> <span class='ocrx_word' id='word_1_98' title='bbox 482 2140 669 2220; x_wconf 83' lang='grc' dir='ltr'><em>-βάσομεν</em></span> <span class='ocrx_word' id='word_1_99' title='bbox 690 2140 788 2220; x_wconf 75' lang='grc' dir='ltr'><em>ὄκχον,</em></span> <span class='ocrx_word' id='word_1_100' title='bbox 810 2138 919 2219; x_wconf 80' lang='grc' dir='ltr'><em>ἵκονμαο</em></span> <span class='ocrx_word' id='word_1_101' title='bbox 938 2141 969 2204; x_wconf 79' lang='grc' dir='ltr'><strong>δὲ</strong></span> <span class='ocrx_word' id='word_1_102' title='bbox 992 2141 1053 2205; x_wconf 71' lang='lat' dir='ltr'><strong>ari.</strong></span> <span class='ocrx_word' id='word_1_103' title='bbox 1075 2145 1165 2225; x_wconf 90' lang='lat' dir='ltr'><strong>prius</strong></span> <span class='ocrx_word' id='word_1_104' title='bbox 1184 2144 1318 2207; x_wconf 91' lang='lat' dir='ltr'><strong>verbum</strong></span> <span class='ocrx_word' id='word_1_105' title='bbox 1340 2163 1405 2208; x_wconf 92' lang='lat' dir='ltr'><strong>non</strong></span> <span class='ocrx_word' id='word_1_106' title='bbox 1417 2145 1508 2209; x_wconf 84' lang='lat' dir='ltr'><strong>allter</strong></span> 
     </span>
     <span class='ocr_line' id='line_1_14' title="bbox 390 2256 1507 2340; baseline 0 -21"><span class='ocrx_word' id='word_1_107' title='bbox 390 2277 486 2340; x_wconf 92' lang='lat' dir='ltr'><strong>quam</strong></span> <span class='ocrx_word' id='word_1_108' title='bbox 511 2257 670 2339; x_wconf 85' lang='lat' dir='ltr'><strong>posterius</strong></span> <span class='ocrx_word' id='word_1_109' title='bbox 691 2256 932 2319; x_wconf 86' lang='lat' dir='ltr'><strong>coniunctivum</strong></span> <span class='ocrx_word' id='word_1_110' title='bbox 950 2275 1020 2320; x_wconf 89' lang='lat' dir='ltr'><strong>esso</strong></span> <span class='ocrx_word' id='word_1_111' title='bbox 1039 2256 1211 2320; x_wconf 84' lang='lat' dir='ltr'><strong>admodum</strong></span> <span class='ocrx_word' id='word_1_112' title='bbox 1223 2257 1325 2321; x_wconf 86' lang='lat' dir='ltr'><strong>videri</strong></span> <span class='ocrx_word' id='word_1_113' title='bbox 1336 2256 1507 2340; x_wconf 90' lang='lat' dir='ltr'><strong>probabile.</strong></span> 
     </span>
     <span class='ocr_line' id='line_1_15' title="bbox 387 2369 1507 2452; baseline -0.001 -19"><span class='ocrx_word' id='word_1_114' title='bbox 387 2369 470 2433; x_wconf 89' lang='lat' dir='ltr'><strong>Nam</strong></span> <span class='ocrx_word' id='word_1_115' title='bbox 514 2390 588 2432; x_wconf 91' lang='lat' dir='ltr'><strong>cum</strong></span> <span class='ocrx_word' id='word_1_116' title='bbox 623 2375 764 2432; x_wconf 87' lang='lat' dir='ltr'><strong>mutatae</strong></span> <span class='ocrx_word' id='word_1_117' title='bbox 797 2369 896 2432; x_wconf 87' lang='lat' dir='ltr'><strong>huius</strong></span> <span class='ocrx_word' id='word_1_118' title='bbox 930 2370 1164 2433; x_wconf 90' lang='lat' dir='ltr'><strong>coniunctionis</strong></span> <span class='ocrx_word' id='word_1_119' title='bbox 1198 2369 1287 2432; x_wconf 86' lang='lat' dir='ltr'><strong>nullo</strong></span> <span class='ocrx_word' id='word_1_120' title='bbox 1321 2371 1507 2452; x_wconf 88' lang='lat' dir='ltr'><strong>praesertim</strong></span> 
     </span>
     <span class='ocr_line' id='line_1_16' title="bbox 387 2482 1509 2565; baseline 0.001 -19"><span class='ocrx_word' id='word_1_121' title='bbox 387 2482 554 2548; x_wconf 90' lang='lat' dir='ltr'><strong>intervallo</strong></span> <span class='ocrx_word' id='word_1_122' title='bbox 592 2487 751 2546; x_wconf 87' lang='lat' dir='ltr'><strong>structura</strong></span> <span class='ocrx_word' id='word_1_123' title='bbox 786 2483 874 2545; x_wconf 89' lang='lat' dir='ltr'><strong>omni</strong></span> <span class='ocrx_word' id='word_1_124' title='bbox 907 2482 1053 2565; x_wconf 81' lang='lat' dir='ltr'><strong>exemplo</strong></span> <span class='ocrx_word' id='word_1_125' title='bbox 1088 2487 1181 2563; x_wconf 90' lang='lat' dir='ltr'><strong>caret,</strong></span> <span class='ocrx_word' id='word_1_126' title='bbox 1214 2488 1282 2545; x_wconf 93' lang='lat' dir='ltr'><strong>tum</strong></span> <span class='ocrx_word' id='word_1_127' title='bbox 1317 2483 1427 2546; x_wconf 91' lang='lat' dir='ltr'><strong>nullus</strong></span> <span class='ocrx_word' id='word_1_128' title='bbox 1460 2489 1509 2547; x_wconf 91' lang='lat' dir='ltr'><strong>est</strong></span> 
     </span>
     <span class='ocr_line' id='line_1_17' title="bbox 388 2594 1507 2678; baseline -0.001 -18"><span class='ocrx_word' id='word_1_129' title='bbox 388 2596 518 2660; x_wconf 91' lang='lat' dir='ltr'><strong>Pindari</strong></span> <span class='ocrx_word' id='word_1_130' title='bbox 540 2597 639 2678; x_wconf 88' lang='lat' dir='ltr'><strong>locus,</strong></span> <span class='ocrx_word' id='word_1_131' title='bbox 663 2595 718 2658; x_wconf 93' lang='lat' dir='ltr'><strong>ubi</strong></span> <span class='ocrx_word' id='word_1_132' title='bbox 742 2614 816 2658; x_wconf 90' lang='lat' dir='ltr'><strong>cum</strong></span> <span class='ocrx_word' id='word_1_133' title='bbox 835 2594 953 2676; x_wconf 86' lang='lat' dir='ltr'><strong>futuro,</strong></span> <span class='ocrx_word' id='word_1_134' title='bbox 973 2594 1060 2677; x_wconf 91' lang='lat' dir='ltr'><strong>quod</strong></span> <span class='ocrx_word' id='word_1_135' title='bbox 1080 2595 1241 2658; x_wconf 88' lang='lat' dir='ltr'><strong>rarissime</strong></span> <span class='ocrx_word' id='word_1_136' title='bbox 1251 2595 1326 2659; x_wconf 87' lang='lat' dir='ltr'><strong>fecit</strong></span> <span class='ocrx_word' id='word_1_137' title='bbox 1336 2594 1507 2677; x_wconf 86' lang='lat' dir='ltr'><strong>Homerus,</strong></span> 
     </span>
     <span class='ocr_line' id='line_1_18' title="bbox 390 2705 1506 2790; baseline 0.001 -20"><span class='ocrx_word' id='word_1_138' title='bbox 390 2705 467 2788; x_wconf 79' lang='grc' dir='ltr'><em>άφροο</em></span> <span class='ocrx_word' id='word_1_139' title='bbox 491 2710 637 2772; x_wconf 92' lang='lat' dir='ltr'><strong>iunctum</strong></span> <span class='ocrx_word' id='word_1_140' title='bbox 662 2727 731 2772; x_wconf 91' lang='lat' dir='ltr'><strong>esse</strong></span> <span class='ocrx_word' id='word_1_141' title='bbox 755 2711 886 2771; x_wconf 88' lang='lat' dir='ltr'><strong>constet.</strong></span> <span class='ocrx_word' id='word_1_142' title='bbox 910 2705 959 2770; x_wconf 89' lang='lat' dir='ltr'><strong>De</strong></span> <span class='ocrx_word' id='word_1_143' title='bbox 982 2707 1185 2770; x_wconf 89' lang='lat' dir='ltr'><strong>coniunctivo</strong></span> <span class='ocrx_word' id='word_1_144' title='bbox 1208 2713 1331 2790; x_wconf 90' lang='lat' dir='ltr'><strong>praeter</strong></span> <span class='ocrx_word' id='word_1_145' title='bbox 1350 2708 1411 2770; x_wconf 92' lang='lat' dir='ltr'><strong>h.l.</strong></span> <span class='ocrx_word' id='word_1_146' title='bbox 1432 2727 1506 2771; x_wconf 91' lang='lat' dir='ltr'><strong>con-</strong></span> 
     </span>
     <span class='ocr_line' id='line_1_19' title="bbox 389 2801 1507 2904; baseline 0 -19"><span class='ocrx_word' id='word_1_147' title='bbox 389 2827 450 2886; x_wconf 90' lang='lat' dir='ltr'><strong>stat</strong></span> <span class='ocrx_word' id='word_1_148' title='bbox 473 2841 515 2885; x_wconf 82' lang='lat' dir='ltr'><strong>ex</strong></span> <span class='ocrx_word' id='word_1_149' title='bbox 539 2819 575 2884; x_wconf 95' lang='lat'><strong>0.</strong></span> <span class='ocrx_word' id='word_1_150' title='bbox 599 2820 681 2883; x_wconf 88' lang='lat' dir='ltr'><strong>XIV</strong></span> <span class='ocrx_word' id='word_1_151' title='bbox 702 2821 754 2901; x_wconf 83' lang='lat'><strong>22,</strong></span> <span class='ocrx_word' id='word_1_152' title='bbox 778 2819 813 2882; x_wconf 92' lang='lat' dir='ltr'><strong>P.</strong></span> <span class='ocrx_word' id='word_1_153' title='bbox 836 2819 853 2882; x_wconf 93' lang='lat' dir='ltr'><strong>I</strong></span> <span class='ocrx_word' id='word_1_154' title='bbox 878 2801 928 2901; x_wconf 80' lang='grc'><strong>72,</strong></span> <span class='ocrx_word' id='word_1_155' title='bbox 946 2818 994 2881; x_wconf 90' lang='lat' dir='ltr'><strong>IV</strong></span> <span class='ocrx_word' id='word_1_156' title='bbox 1015 2820 1066 2900; x_wconf 86' lang='lat'><strong>92,</strong></span> <span class='ocrx_word' id='word_1_157' title='bbox 1085 2820 1310 2884; x_wconf 86' lang='lat' dir='ltr'><strong>coniunctivus</strong></span> <span class='ocrx_word' id='word_1_158' title='bbox 1322 2839 1391 2884; x_wconf 88' lang='lat' dir='ltr'><strong>osse</strong></span> <span class='ocrx_word' id='word_1_159' title='bbox 1402 2827 1507 2904; x_wconf 92' lang='lat' dir='ltr'><strong>potest</strong></span> 
     </span>
     <span class='ocr_line' id='line_1_20' title="bbox 388 2930 1507 3016; baseline 0.001 -20"><span class='ocrx_word' id='word_1_160' title='bbox 388 2930 489 2996; x_wconf 83' lang='grc' dir='ltr'><em>αἰνέσω</em></span> <span class='ocrx_word' id='word_1_161' title='bbox 513 2931 548 2995; x_wconf 92' lang='grc' dir='ltr'><strong>Ο.</strong></span> <span class='ocrx_word' id='word_1_162' title='bbox 572 2932 637 2995; x_wconf 86' lang='lat' dir='ltr'><strong>VII</strong></span> <span class='ocrx_word' id='word_1_163' title='bbox 661 2934 712 3014; x_wconf 87' lang='grc'><strong>15,</strong></span> <span class='ocrx_word' id='word_1_164' title='bbox 735 2938 766 2996; x_wconf 91' lang='lat' dir='ltr'><strong>et</strong></span> <span class='ocrx_word' id='word_1_165' title='bbox 789 2937 992 2996; x_wconf 89' lang='lat' dir='ltr'><strong>controversa</strong></span> <span class='ocrx_word' id='word_1_166' title='bbox 1015 2938 1062 2996; x_wconf 90' lang='lat' dir='ltr'><strong>est</strong></span> <span class='ocrx_word' id='word_1_167' title='bbox 1084 2932 1174 2995; x_wconf 85' lang='lat' dir='ltr'><strong>verbi</strong></span> <span class='ocrx_word' id='word_1_168' title='bbox 1197 2935 1337 3016; x_wconf 90' lang='lat' dir='ltr'><strong>corrupti</strong></span> <span class='ocrx_word' id='word_1_169' title='bbox 1362 2933 1507 3006; x_wconf 75' lang='grc' dir='ltr'><em>κελαδῆσε</em></span> 
     </span>
     <span class='ocr_line' id='line_1_21' title="bbox 389 3045 1507 3130; baseline 0.001 -20"><span class='ocrx_word' id='word_1_170' title='bbox 389 3048 539 3110; x_wconf 89' lang='lat' dir='ltr'><strong>correctio</strong></span> <span class='ocrx_word' id='word_1_171' title='bbox 570 3046 605 3109; x_wconf 90' lang='lat' dir='ltr'><strong>P.</strong></span> <span class='ocrx_word' id='word_1_172' title='bbox 627 3045 678 3108; x_wconf 90' lang='lat' dir='ltr'><strong>XI</strong></span> <span class='ocrx_word' id='word_1_173' title='bbox 702 3047 731 3128; x_wconf 88' lang='grc'><strong>9,</strong></span> <span class='ocrx_word' id='word_1_174' title='bbox 755 3046 811 3109; x_wconf 91' lang='lat' dir='ltr'><strong>ubi</strong></span> <span class='ocrx_word' id='word_1_175' title='bbox 833 3045 948 3126; x_wconf 88' lang='lat' dir='ltr'><strong>Heyne</strong></span> <span class='ocrx_word' id='word_1_176' title='bbox 971 3045 1150 3118; x_wconf 75' lang='grc' dir='ltr'><em>κεααδάοεσε</em></span> <span class='ocrx_word' id='word_1_177' title='bbox 1172 3047 1314 3127; x_wconf 86' lang='lat' dir='ltr'><strong>coniecit,</strong></span> <span class='ocrx_word' id='word_1_178' title='bbox 1338 3065 1396 3130; x_wconf 87' lang='lat' dir='ltr'><strong>ego</strong></span> <span class='ocrx_word' id='word_1_179' title='bbox 1419 3048 1507 3111; x_wconf 90' lang='lat' dir='ltr'><strong>haud</strong></span> 
     </span>
     <span class='ocr_line' id='line_1_22' title="bbox 389 3157 1506 3242; baseline 0.002 -20"><span class='ocrx_word' id='word_1_180' title='bbox 389 3157 530 3223; x_wconf 90' lang='lat' dir='ltr'><strong>dubitem</strong></span> <span class='ocrx_word' id='word_1_181' title='bbox 554 3159 729 3241; x_wconf 85' lang='lat' dir='ltr'><strong>Bergkinm</strong></span> <span class='ocrx_word' id='word_1_182' title='bbox 753 3160 845 3242; x_wconf 91' lang='lat' dir='ltr'><strong>sequi</strong></span> <span class='ocrx_word' id='word_1_183' title='bbox 867 3160 1076 3241; x_wconf 86' lang='lat' dir='ltr'><strong>corrigentem</strong></span> <span class='ocrx_word' id='word_1_184' title='bbox 1098 3159 1268 3231; x_wconf 72' lang='grc' dir='ltr'><em>κεααδῆσον.</em></span> <span class='ocrx_word' id='word_1_185' title='bbox 1287 3157 1381 3234; x_wconf 78' lang='lat' dir='ltr'><strong>Quod</strong></span> <span class='ocrx_word' id='word_1_186' title='bbox 1400 3165 1506 3224; x_wconf 90' lang='lat' dir='ltr'><strong>autem</strong></span> 
     </span>
     <span class='ocr_line' id='line_1_23' title="bbox 389 3271 1507 3355; baseline -0.001 -18"><span class='ocrx_word' id='word_1_187' title='bbox 389 3275 482 3338; x_wconf 86' lang='lat' dir='ltr'><strong>etiam</strong></span> <span class='ocrx_word' id='word_1_188' title='bbox 506 3273 530 3336; x_wconf 94' lang='lat' dir='ltr'><strong>I.</strong></span> <span class='ocrx_word' id='word_1_189' title='bbox 557 3273 638 3336; x_wconf 85' lang='lat' dir='ltr'><strong>VIII</strong></span> <span class='ocrx_word' id='word_1_190' title='bbox 661 3272 746 3354; x_wconf 81' lang='lat' dir='ltr'><strong>(VII)</strong></span> <span class='ocrx_word' id='word_1_191' title='bbox 772 3273 791 3334; x_wconf 89' lang='grc'>9</span> <span class='ocrx_word' id='word_1_192' title='bbox 815 3271 1013 3348; x_wconf 72' lang='grc' dir='ltr'><em>δαμωσόμεθα</em></span> <span class='ocrx_word' id='word_1_193' title='bbox 1036 3272 1135 3335; x_wconf 87' lang='lat' dir='ltr'><strong>habui</strong></span> <span class='ocrx_word' id='word_1_194' title='bbox 1157 3292 1214 3355; x_wconf 90' lang='lat' dir='ltr'><strong>pro</strong></span> <span class='ocrx_word' id='word_1_195' title='bbox 1238 3273 1451 3355; x_wconf 80' lang='lat' dir='ltr'><strong>coniunctivo,</strong></span> <span class='ocrx_word' id='word_1_196' title='bbox 1473 3273 1507 3336; x_wconf 91' lang='lat' dir='ltr'><strong>id</strong></span> 
     </span>
     <span class='ocr_line' id='line_1_24' title="bbox 389 3386 1507 3470; baseline -0.001 -19"><span class='ocrx_word' id='word_1_197' title='bbox 389 3409 453 3452; x_wconf 91' lang='lat' dir='ltr'><strong>non</strong></span> <span class='ocrx_word' id='word_1_198' title='bbox 482 3388 552 3470; x_wconf 86' lang='lat' dir='ltr'><strong>feci,</strong></span> <span class='ocrx_word' id='word_1_199' title='bbox 574 3394 611 3451; x_wconf 92' lang='lat' dir='ltr'><strong>ut</strong></span> <span class='ocrx_word' id='word_1_200' title='bbox 633 3387 740 3450; x_wconf 91' lang='lat' dir='ltr'><strong>innuit</strong></span> <span class='ocrx_word' id='word_1_201' title='bbox 763 3388 894 3469; x_wconf 90' lang='lat' dir='ltr'><strong>amicus,</strong></span> <span class='ocrx_word' id='word_1_202' title='bbox 917 3391 1045 3470; x_wconf 90' lang='lat' dir='ltr'><strong>propter</strong></span> <span class='ocrx_word' id='word_1_203' title='bbox 1069 3386 1254 3450; x_wconf 87' lang='lat' dir='ltr'><strong>scholiastae</strong></span> <span class='ocrx_word' id='word_1_204' title='bbox 1278 3387 1507 3468; x_wconf 88' lang='lat' dir='ltr'><strong>auctoritatem,</strong></span> 
     </span>
     <span class='ocr_line' id='line_1_25' title="bbox 389 3498 1507 3585; baseline -0.003 -20"><span class='ocrx_word' id='word_1_205' title='bbox 389 3522 484 3585; x_wconf 92' lang='lat' dir='ltr'><strong>quam</strong></span> <span class='ocrx_word' id='word_1_206' title='bbox 508 3503 541 3564; x_wconf 94' lang='lat' dir='ltr'><strong>in</strong></span> <span class='ocrx_word' id='word_1_207' title='bbox 562 3500 658 3566; x_wconf 87' lang='lat' dir='ltr'><strong>rebus</strong></span> <span class='ocrx_word' id='word_1_208' title='bbox 678 3502 894 3584; x_wconf 81' lang='lat' dir='ltr'><strong>grammaticis</strong></span> <span class='ocrx_word' id='word_1_209' title='bbox 913 3502 1005 3563; x_wconf 83' lang='lat' dir='ltr'><strong>iuxta</strong></span> <span class='ocrx_word' id='word_1_210' title='bbox 1027 3519 1102 3563; x_wconf 91' lang='lat' dir='ltr'><strong>cum</strong></span> <span class='ocrx_word' id='word_1_211' title='bbox 1122 3498 1249 3563; x_wconf 89' lang='lat' dir='ltr'><strong>Nabero</strong></span> <span class='ocrx_word' id='word_1_212' title='bbox 1269 3499 1439 3584; x_wconf 85' lang='lat' dir='ltr'><strong>vilipendo,</strong></span> <span class='ocrx_word' id='word_1_213' title='bbox 1451 3499 1507 3564; x_wconf 89' lang='lat' dir='ltr'><strong>sed</strong></span> 
     </span>
     <span class='ocr_line' id='line_1_26' title="bbox 388 3603 1506 3698; baseline -0.003 -21"><span class='ocrx_word' id='word_1_214' title='bbox 388 3619 515 3698; x_wconf 89' lang='lat' dir='ltr'><strong>propter</strong></span> <span class='ocrx_word' id='word_1_215' title='bbox 534 3603 606 3677; x_wconf 50' lang='lat' dir='ltr'><strong>¹eam</strong></span> <span class='ocrx_word' id='word_1_216' title='bbox 633 3615 735 3696; x_wconf 91' lang='lat' dir='ltr'><strong>ipsam</strong></span> <span class='ocrx_word' id='word_1_217' title='bbox 759 3632 897 3676; x_wconf 92' lang='lat' dir='ltr'><strong>sanam</strong></span> <span class='ocrx_word' id='word_1_218' title='bbox 920 3614 1140 3693; x_wconf 90' lang='lat' dir='ltr'><strong>rationem,</strong></span> <span class='ocrx_word' id='word_1_219' title='bbox 1164 3613 1322 3696; x_wconf 90' lang='lat' dir='ltr'><strong>adquam</strong></span> <span class='ocrx_word' id='word_1_220' title='bbox 1347 3617 1506 3695; x_wconf 86' lang='lat' dir='ltr'><strong>provocat.</strong></span> 
     </span>
     <span class='ocr_line' id='line_1_27' title="bbox 388 3723 1507 3811; baseline -0.005 -19"><span class='ocrx_word' id='word_1_221' title='bbox 388 3727 510 3811; x_wconf 88' lang='lat' dir='ltr'><strong>Nempe</strong></span> <span class='ocrx_word' id='word_1_222' title='bbox 541 3729 638 3792; x_wconf 87' lang='lat' dir='ltr'><strong>huius</strong></span> <span class='ocrx_word' id='word_1_223' title='bbox 665 3729 729 3791; x_wconf 93' lang='lat' dir='ltr'><strong>loci</strong></span> <span class='ocrx_word' id='word_1_224' title='bbox 761 3746 797 3791; x_wconf 92' lang='lat' dir='ltr'><strong>ea</strong></span> <span class='ocrx_word' id='word_1_225' title='bbox 827 3729 907 3790; x_wconf 89' lang='lat' dir='ltr'><strong>ratio</strong></span> <span class='ocrx_word' id='word_1_226' title='bbox 931 3731 1046 3809; x_wconf 89' lang='lat' dir='ltr'><strong>estut,</strong></span> <span class='ocrx_word' id='word_1_227' title='bbox 1070 3727 1098 3789; x_wconf 91' lang='lat' dir='ltr'><strong>si</strong></span> <span class='ocrx_word' id='word_1_228' title='bbox 1119 3727 1284 3809; x_wconf 90' lang='lat' dir='ltr'><strong>interpreti</strong></span> <span class='ocrx_word' id='word_1_229' title='bbox 1308 3727 1393 3808; x_wconf 90' lang='lat' dir='ltr'><strong>optio</strong></span> <span class='ocrx_word' id='word_1_230' title='bbox 1415 3723 1507 3786; x_wconf 90' lang='lat' dir='ltr'><strong>detur</strong></span> 
     </span>
     <span class='ocr_line' id='line_1_28' title="bbox 388 3837 1507 3924; baseline -0.005 -21"><span class='ocrx_word' id='word_1_231' title='bbox 388 3843 472 3905; x_wconf 90' lang='lat' dir='ltr'><strong>inter</strong></span> <span class='ocrx_word' id='word_1_232' title='bbox 502 3846 677 3924; x_wconf 91' lang='lat' dir='ltr'><strong>utrumque</strong></span> <span class='ocrx_word' id='word_1_233' title='bbox 700 3841 840 3922; x_wconf 88' lang='lat' dir='ltr'><strong>modurn,</strong></span> <span class='ocrx_word' id='word_1_234' title='bbox 862 3841 920 3902; x_wconf 84' lang='lat' dir='ltr'><strong>vix</strong></span> <span class='ocrx_word' id='word_1_235' title='bbox 943 3859 1137 3923; x_wconf 87' lang='lat' dir='ltr'><strong>quemquam</strong></span> <span class='ocrx_word' id='word_1_236' title='bbox 1157 3843 1317 3920; x_wconf 88' lang='lat' dir='ltr'><strong>repertum</strong></span> <span class='ocrx_word' id='word_1_237' title='bbox 1337 3837 1376 3898; x_wconf 89' lang='lat' dir='ltr'><strong>iri</strong></span> <span class='ocrx_word' id='word_1_238' title='bbox 1387 3840 1507 3919; x_wconf 92' lang='lat' dir='ltr'><strong>putem,</strong></span> 
     </span>
     <span class='ocr_line' id='line_1_29' title="bbox 390 3947 1506 4036; baseline -0.004 -20"><span class='ocrx_word' id='word_1_239' title='bbox 390 3955 468 4036; x_wconf 89' lang='lat' dir='ltr'><strong>quin</strong></span> <span class='ocrx_word' id='word_1_240' title='bbox 503 3955 745 4016; x_wconf 86' lang='lat' dir='ltr'><strong>coniunctivum</strong></span> <span class='ocrx_word' id='word_1_241' title='bbox 779 3972 853 4036; x_wconf 89' lang='lat' dir='ltr'><strong>prae</strong></span> <span class='ocrx_word' id='word_1_242' title='bbox 886 3952 995 4016; x_wconf 86' lang='lat' dir='ltr'><strong>futuro</strong></span> <span class='ocrx_word' id='word_1_243' title='bbox 1027 3950 1243 4034; x_wconf 87' lang='lat' dir='ltr'><strong>amplectatur.</strong></span> <span class='ocrx_word' id='word_1_244' title='bbox 1275 3947 1378 4024; x_wconf 76' lang='lat' dir='ltr'><strong>Quam</strong></span> <span class='ocrx_word' id='word_1_245' title='bbox 1402 3967 1506 4012; x_wconf 90' lang='lat' dir='ltr'><strong>meam</strong></span> 
     </span>
     <span class='ocr_line' id='line_1_30' title="bbox 390 4062 1507 4150; baseline -0.003 -21"><span class='ocrx_word' id='word_1_246' title='bbox 390 4067 579 4150; x_wconf 89' lang='lat' dir='ltr'><strong>opinionem,</strong></span> <span class='ocrx_word' id='word_1_247' title='bbox 603 4085 685 4148; x_wconf 86' lang='lat' dir='ltr'><strong>quae</strong></span> <span class='ocrx_word' id='word_1_248' title='bbox 708 4070 756 4129; x_wconf 92' lang='lat' dir='ltr'><strong>est</strong></span> <span class='ocrx_word' id='word_1_249' title='bbox 779 4067 932 4147; x_wconf 90' lang='lat' dir='ltr'><strong>omnium,</strong></span> <span class='ocrx_word' id='word_1_250' title='bbox 954 4066 988 4127; x_wconf 92' lang='lat' dir='ltr'><strong>ni</strong></span> <span class='ocrx_word' id='word_1_251' title='bbox 1010 4063 1110 4145; x_wconf 88' lang='lat' dir='ltr'><strong>fallor,</strong></span> <span class='ocrx_word' id='word_1_252' title='bbox 1133 4067 1352 4146; x_wconf 71' lang='lat' dir='ltr'><strong>Interpretum,</strong></span> <span class='ocrx_word' id='word_1_253' title='bbox 1375 4062 1507 4127; x_wconf 91' lang='lat' dir='ltr'><strong>utrefu-</strong></span> 
     </span>
     <span class='ocr_line' id='line_1_31' title="bbox 389 4176 1507 4260; baseline -0.004 -17"><span class='ocrx_word' id='word_1_254' title='bbox 389 4185 477 4260; x_wconf 91' lang='lat' dir='ltr'><strong>taret,</strong></span> <span class='ocrx_word' id='word_1_255' title='bbox 516 4178 641 4242; x_wconf 87' lang='lat' dir='ltr'><strong>Nabero</strong></span> <span class='ocrx_word' id='word_1_256' title='bbox 684 4179 863 4242; x_wconf 86' lang='lat' dir='ltr'><strong>adducendi</strong></span> <span class='ocrx_word' id='word_1_257' title='bbox 895 4178 1023 4242; x_wconf 87' lang='lat' dir='ltr'><strong>fuerant</strong></span> <span class='ocrx_word' id='word_1_258' title='bbox 1057 4178 1119 4240; x_wconf 86' lang='lat' dir='ltr'><strong>loci</strong></span> <span class='ocrx_word' id='word_1_259' title='bbox 1154 4195 1196 4239; x_wconf 84' lang='lat' dir='ltr'><strong>ex</strong></span> <span class='ocrx_word' id='word_1_260' title='bbox 1231 4176 1372 4258; x_wconf 90' lang='lat' dir='ltr'><strong>antiquis</strong></span> <span class='ocrx_word' id='word_1_261' title='bbox 1406 4177 1507 4259; x_wconf 91' lang='lat' dir='ltr'><strong>poetis</strong></span> 
     </span>
     <span class='ocr_line' id='line_1_32' title="bbox 391 4287 1508 4374; baseline -0.003 -21"><span class='ocrx_word' id='word_1_262' title='bbox 391 4290 528 4371; x_wconf 69' lang='lat' dir='ltr'><strong>Graecia</strong></span> <span class='ocrx_word' id='word_1_263' title='bbox 551 4293 753 4374; x_wconf 79' lang='lat' dir='ltr'><strong>potIssimum</strong></span> <span class='ocrx_word' id='word_1_264' title='bbox 778 4311 819 4355; x_wconf 85' lang='lat' dir='ltr'><strong>ex</strong></span> <span class='ocrx_word' id='word_1_265' title='bbox 840 4294 909 4373; x_wconf 91' lang='lat' dir='ltr'><strong>ipso</strong></span> <span class='ocrx_word' id='word_1_266' title='bbox 933 4290 1080 4372; x_wconf 88' lang='lat' dir='ltr'><strong>Pindaro,</strong></span> <span class='ocrx_word' id='word_1_267' title='bbox 1103 4310 1169 4353; x_wconf 92' lang='lat' dir='ltr'><strong>non</strong></span> <span class='ocrx_word' id='word_1_268' title='bbox 1193 4309 1234 4353; x_wconf 83' lang='lat' dir='ltr'><strong>ex</strong></span> <span class='ocrx_word' id='word_1_269' title='bbox 1256 4287 1399 4371; x_wconf 87' lang='lat' dir='ltr'><strong>Horatio,</strong></span> <span class='ocrx_word' id='word_1_270' title='bbox 1421 4289 1508 4370; x_wconf 90' lang='lat' dir='ltr'><strong>iique</strong></span> 
     </span>
     <span class='ocr_line' id='line_1_33' title="bbox 390 4400 1508 4486; baseline -0.004 -20"><span class='ocrx_word' id='word_1_271' title='bbox 390 4402 468 4466; x_wconf 89' lang='lat' dir='ltr'><strong>tales</strong></span> <span class='ocrx_word' id='word_1_272' title='bbox 499 4408 536 4465; x_wconf 92' lang='lat' dir='ltr'><strong>ut</strong></span> <span class='ocrx_word' id='word_1_273' title='bbox 564 4403 645 4465; x_wconf 91' lang='lat' dir='ltr'><strong>nihil</strong></span> <span class='ocrx_word' id='word_1_274' title='bbox 675 4403 852 4486; x_wconf 91' lang='lat' dir='ltr'><strong>quidquam</strong></span> <span class='ocrx_word' id='word_1_275' title='bbox 887 4401 1028 4484; x_wconf 90' lang='lat' dir='ltr'><strong>probent,</strong></span> <span class='ocrx_word' id='word_1_276' title='bbox 1062 4402 1220 4485; x_wconf 90' lang='lat' dir='ltr'><strong>siquidem</strong></span> <span class='ocrx_word' id='word_1_277' title='bbox 1243 4401 1289 4465; x_wconf 94' lang='lat' dir='ltr'><strong>ibi</strong></span> <span class='ocrx_word' id='word_1_278' title='bbox 1312 4400 1398 4484; x_wconf 88' lang='lat' dir='ltr'><strong>quod</strong></span> <span class='ocrx_word' id='word_1_279' title='bbox 1419 4401 1508 4482; x_wconf 88' lang='lat' dir='ltr'><strong>ipse</strong></span> 
     </span>
     <span class='ocr_line' id='line_1_34' title="bbox 388 4511 1508 4598; baseline -0.002 -20"><span class='ocrx_word' id='word_1_280' title='bbox 388 4517 532 4580; x_wconf 87' lang='lat' dir='ltr'><strong>facturus</strong></span> <span class='ocrx_word' id='word_1_281' title='bbox 574 4520 622 4579; x_wconf 86' lang='lat' dir='ltr'><strong>est</strong></span> <span class='ocrx_word' id='word_1_282' title='bbox 663 4516 869 4579; x_wconf 87' lang='lat' dir='ltr'><strong>disertissime</strong></span> <span class='ocrx_word' id='word_1_283' title='bbox 902 4515 1072 4598; x_wconf 87' lang='lat' dir='ltr'><strong>opponitur</strong></span> <span class='ocrx_word' id='word_1_284' title='bbox 1104 4515 1145 4577; x_wconf 90' lang='lat' dir='ltr'><strong>iis</strong></span> <span class='ocrx_word' id='word_1_285' title='bbox 1180 4533 1261 4597; x_wconf 86' lang='lat' dir='ltr'><strong>quae</strong></span> <span class='ocrx_word' id='word_1_286' title='bbox 1295 4513 1373 4577; x_wconf 81' lang='lat' dir='ltr'><strong>allos</strong></span> <span class='ocrx_word' id='word_1_287' title='bbox 1405 4511 1508 4576; x_wconf 85' lang='lat' dir='ltr'><strong>iacere</strong></span> 
     </span>
    </p>
   </div>
   <div class='ocr_carea' id='block_1_3' title="bbox 0 0 1819 5598">
    <p class='ocr_par' dir='ltr' id='par_1_4' title="bbox 0 0 1819 5598">
     <span class='ocr_line' id='line_1_35' title="bbox 0 0 1819 5598; baseline 0 0"><span class='ocrx_word' id='word_1_288' title='bbox 0 0 1819 5598; x_wconf 95' lang='lat' dir='ltr'><strong> </strong></span> 
     </span>
    </p>
   </div>
  </div>
 </body>
</html>
