3626 5598
832 699 883 798 57Ι

335 881 376 946 V.
403 883 453 945 13.
829 880 843 945 ὃ
865 881 892 946 δ’
917 880 1028 961 ὄλβῳ
1050 877 1196 962 Φέρτατος

478 990 550 1058 ἵκετ’
575 995 604 1066 ἐς
627 993 718 1059 κείνου
741 992 854 1073 γενεάν.

335 1105 463 1170 Oenieei
486 1104 624 1183 ὄλβων
646 1107 771 1171 Pind.
797 1108 847 1170 29.

334 1315 370 1378 V.
397 1317 446 1379 18.
470 1311 560 1392 Ἥβα
583 1314 682 1398 τελεία
704 1314 785 1394 παρὰ
808 1313 900 1395 ματρὶ
923 1313 1120 1392 βαίνοιτ*
1146 1311 1199 1381 ἔτι.

333 1426 371 1489 In
395 1427 519 1491 Heraeo
542 1428 664 1512 Argivo
687 1429 779 1491 iuxta
797 1427 953 1491 Iunonem
967 1428 1129 1492 sedentem
1143 1426 1245 1492 stabat
1256 1425 1409 1489 Iuventae

289 1541 428 1623 signum,
452 1560 532 1624 opus
554 1539 757 1622 Nausieydis,
779 1546 859 1605 teste
882 1540 1019 1604 Pausan.
1039 1539 1073 1602 H
1094 1541 1144 1622 17,
1165 1541 1192 1602 5.
1212 1537 1337 1603 Pind.
1356 1537 1408 1601 l.l.

330 1749 370 1814 V.
395 1752 445 1813 50.
475 1749 676 1834 legendum:
709 1750 741 1813 οὐ
765 1749 896 1825 θαῦμ’
920 1749 956 1812 εἰ
983 1748 1060 1833 (pro
1084 1749 1205 1834 θαῦμα)
1232 1747 1333 1828 σφίσιν
1356 1749 1408 1826 ε’γ·

286 1861 377 1939 γενές,
402 1859 498 1939 ἔμμεν
519 1863 680 1935 ἀεθληταῖς
702 1862 865 1939 ἀγαθοῖσιν.
891 1861 1022 1926 Ibidem.

333 2084 370 2148 V.
395 2087 445 2149 58.
468 2083 552 2168 Lege
575 2084 906 2164 οέμπί<μ>πλαντες.
931 2083 1063 2148 Ibidem.

334 2294 374 2357 V.
398 2295 448 2357 61.
472 2294 533 2358 απὸ
564 2292 721 2372 Ταϋγέτου
747 2293 835 2357 ποδ’
858 2291 1064 2373 αὐγάζων
1086 2291 1148 2357 ἴδεν
1171 2292 1308 2372 Λυγκεὺς
1330 2293 1410 2373 δρυὸς

289 2406 318 2470 ἐν
341 2406 478 2486 στελέχει
500 2406 529 2494 sl
552 2403 665 2483 ἥμενον.
690 2406 833 2470 Pessime
855 2406 953 2490 vulgo
972 2412 1096 2490 recepta
1116 2412 1164 2472 est
1183 2407 1324 2470 Triclinii
1342 2427 1410 2470 eor·

289 2521 487 2583 rectiuneula
521 2516 726 2597 πεδαυγάζων,
757 2520 776 2581 i.
797 2537 822 2583 e.
852 2515 1062 2597 μεταυγοὶζυν,
1086 2520 1173 2603 quod
1196 2522 1407 2604 compositum

290 2631 446 2696 Graecum
477 2652 548 2698 esse
578 2636 634 2696 aut
664 2651 734 2696 esse
758 2651 853 2716 posse
876 2651 965 2715 nego.
988 2631 1056 2696 Nee
1078 2639 1184 2697 lamen
1207 2631 1409 2716 probaverim

295 2742 501 2824 ποταυγιὶζιιν,
526 2745 611 2828 quod
641 2745 820 2810 coniectum
843 2765 861 2808 a
884 2744 1042 2829 Stephano
1066 2746 1189 2832 recepit*
1206 2743 1318 2810 Christ.
1343 2745 1410 2810 Ma·

292 2855 406 2920 nilesto
431 2858 516 2921 enim
540 2857 843 2941 adspiciendi
867 2859 953 2921 notio
977 2857 1028 2920 hie
1052 2857 1155 2921 aliena
1178 2864 1234 2933 esi,
1254 2863 1285 2922 et
1304 2860 1410 2941 requi-

289 2968 371 3032 ritur
401 2969 672 3052 spectandi,
694 2971 802 3052 itaque
825 2969 959 3032 verbum
984 2970 1129 3053 simplex.
1152 2971 1225 3033 Asu
1248 2989 1316 3034 rem
1339 2973 1409 3034 teti-

287 3082 373 3165 gisse
391 3082 470 3145 mihi
488 3082 614 3146 videtur
632 3081 756 3164 Kayser
767 3084 927 3147 coniciens
947 3081 989 3146 δέ
1008 3081 1042 3146 F*
1063 3105 1084 3146 ιι
1097 3084 1113 3146 ὑ
1125 3106 1148 3161 γ
1160 3081 1271 3164 νίζειν
1292 3081 1353 3148 ἴδεν
1366 3122 1408 3132 -

287 3215 399 3269 νμενιν.

332 3402 372 3466 V.
396 3403 446 3466 71.
470 3403 516 3468 ἐπ’
541 3399 609 3485 Ἴδα
631 3401 772 3483 πυρφόρον
794 3401 914 3478 πλοῖξ
924 3428 938 3467 ε
960 3404 1106 3484 ψελόεντα
1127 3408 1267 3487 κεραυνόν.

334 3515 440 3580 Verbo
475 3516 616 3588 πλήττειν
647 3519 854 3602 coniungitur
883 3521 1084 3583 aecusativus
1115 3522 1185 3584 eius
1215 3522 1271 3603 qui
1302 3522 1410 3603 (quod)

289 3628 412 3710 feritur,
448 3649 514 3692 non
557 3630 627 3693 eius
670 3630 756 3714 quod
797 3632 920 3694 iacitur.
955 3630 1060 3707 Quare
1094 3633 1222 3716 requiro
1255 3638 1409 3712 οιιιῖψε.

288 3742 412 3806 Pind.
437 3744 488 3806 29.

334 3950 373 4012 V.
400 3951 451 4013 90.
486 3948 544 4012 ιἰνοὶ
579 3947 605 4012 δ’
632 3947 739 4012 ἔλυσεν
763 3951 817 4026 μὲν
848 3952 1011 4032 ὀφθαλμόν.
1045 3953 1119 4018 Non
1151 3961 1199 4019 est
1230 3955 1409 4021 subiectum

291 4059 363 4131 Ζεύς
394 4063 451 4142 (sis
480 4060 617 4142 Dissen)‚
647 4063 703 4126 sed
726 4062 853 4145 Pollux,
878 4068 935 4148 qui
958 4067 1085 4150 optione
1108 4087 1166 4131 sua
1189 4067 1278 4131 fratri
1300 4069 1411 4134 oeulos

289 4171 428 4254 resolvit,
452 4191 511 4256 ope
534 4177 640 4236 tamen
663 4172 757 4237 Iovis.
781 4174 912 4240 Ibidem.

333 4369 424 4434 Nem.
446 4367 497 4431 XI
521 4368 549 4431 6.
573 4366 673 4431 πολλοὶ
695 4369 750 4444 μὲν
772 4370 1007 4448 λοιβαῖσιν
1030 4374 1310 4456 ἀγαζόμενοι

1189 4489 1309 4574 [πρῶτον
1333 4491 1410 4553 θεῶν.
