3626 5598
809 737 850 800 19

264 924 327 987 nisi
355 923 436 987 forte
465 928 558 1007 putas
590 921 703 987 Latine
734 923 796 986 dici
818 924 853 984 in
875 923 930 985 tali
955 924 1125 987 sententia:
1154 922 1384 1005 ,Victoriaeo

264 1035 431 1120 McgacleS,
453 1042 622 1100 vestrae
645 1041 675 1098 et
699 1035 886 1099 maiorum.’'
906 1034 991 1099 Dare
1008 1036 1142 1100 fortasse
1162 1041 1302 1119 poteram
1315 1035 1391 1112 enat

265 1149 390 1212 solitam
420 1150 486 1212 rim
514 1148 639 1230 habere,
664 1149 691 1211 si
716 1147 812 1212 verba
835 1170 868 1210 τε
891 1146 943 1210 καὶ
967 1146 1109 1228 προγόνων
1133 1148 1289 1231 abessent,
1313 1169 1386 1212 nam

264 1263 308 1325 ita
341 1280 514 1344 pronomen
552 1261 648 1325 simul
681 1261 847 1344 complecti
879 1263 1036 1324 maiorum
1067 1262 1204 1324 honores
1231 1263 1390 1345 suspicari

266 1375 377 1438 saltem
407 1393 590 1457 possemus3
615 1375 787 1438 concedere
809 1375 893 1438 idem
914 1380 1064 1458 poteram,
1088 1376 1116 1438 si
1139 1380 1262 1457 praeter
1280 1373 1387 1458 Mega-

266 1487 348 1550 clem
377 1488 411 1549 in
442 1487 502 1550 luc
525 1487 584 1551 ode
606 1486 718 1550 frames
743 1487 813 1551 eius
836 1491 891 1550 aut
915 1487 1214 1570 consanguinei,ut
1237 1505 1331 1570 saepe
1352 1486 1389 1551 fit

266 1619 285 1663 a
313 1598 461 1681 Pindaro,
492 1597 736 1676 celebrarentur,
770 1598 834 1680 sed,
858 1603 895 1662 ut
917 1617 1005 1661 nunc
1029 1617 1080 1662 res
1103 1617 1173 1663 sese
1197 1598 1300 1680 habet,
1323 1619 1388 1662 uon

267 1711 359 1775 video
383 1730 447 1794 quo
470 1717 561 1795 pacto
585 1731 738 1794 negemus
761 1715 886 1794 poetam
911 1712 1096 1795 simpliciter
1120 1709 1193 1788 epa
1215 1732 1388 1796 usurpasse

267 1841 323 1905 pro
347 1819 405 1893 σός.
430 1821 513 1886 Nam
533 1823 650 1887 durum
674 1827 722 1887 est
744 1842 819 1886 cum
840 1822 1001 1886 Boeclrhio
1022 1824 1060 1888 de
1081 1824 1389 1890 omnibusAlcmae-

182 1966 185 1972 ·
267 1936 372 2000 onidis
401 1934 553 2020 Megaolis
583 1935 778 2019 aequalibus,
809 1955 947 2019 quorum
979 1954 1073 1999 nemo
1103 1938 1138 1998 in
1161 1941 1227 2000 toto
1249 1939 1390 2002 carmine

266 2053 542 2130 commemoratur,
561 2066 741 2113 sermonem
760 2067 829 2113 esse
847 2052 993 2112 statuere.
1008 2046 1217 2112 Controversa
1231 2054 1279 2113 est
1291 2051 1388 2113 inter-

265 2163 398 2245 pretatio
421 2161 565 2223 locorum
587 2159 612 2223 l.
634 2159 685 2222 HI
707 2161 758 2222 21.
781 2158 820 2223 N.
843 2159 894 2222 III
917 2160 946 2223 1.
969 2158 1007 2223 N.
1031 2159 1066 2224 X
1088 2161 1138 2237 37,
1163 2180 1244 2244 quos
1271 2161 1385 2225 deinde

266 2272 373 2337 Naber
402 2275 437 2336 in
466 2271 562 2337 fidem
585 2291 696 2336 eorum
719 2291 801 2356 quae
824 2275 936 2338 asserit
958 2273 1101 2354 contulit,
1124 2294 1199 2337 nam
1223 2293 1317 2338 nemo
1342 2274 1389 2337 ibi

268 2405 339 2471 pro
369 2390 484 2450 certo
515 2385 749 2449 affirmarit
771 2391 896 2469 poetam
919 2385 1054 2466 ὑμέτερος
1077 2392 1108 2451 et
1130 2384 1270 2466 a‘pa‘rspor
1295 2387 1388 2451 solita

267 2501 301 2562 vi
330 2518 512 2583 usurpasse,
533 2499 608 2563 licet
634 2499 745 2583 procul
763 2499 878 2582 absim,
902 2505 938 2564 ut
960 2519 1035 2564 enm
1058 2500 1092 2563 id
1113 2499 1227 2565 fecisse
1249 2502 1388 2585 pertina-

268 2614 346 2677 citer
373 2631 504 2696 negem:
534 2613 595 2677 hoc
618 2613 690 2677 volo
713 2613 799 2677 locos
822 2632 892 2678 esse
915 2614 1081 2695 eiusmodi,
1103 2619 1140 2678 nt
1163 2614 1289 2677 nullum
1314 2614 1390 2678 inde

266 2731 493 2810 argumentum
516 2726 653 2790 derivari
672 2731 769 2810 queat
787 2727 827 2791 ad
848 2726 1069 2791 stabiliendum
1086 2729 1180 2791 amici
1192 2729 1382 2792 senteutiam

268 2839 399 2904 deloco
421 2838 456 2903 P.
479 2838 545 2902 VII
568 2839 619 2923 l‘l,
642 2859 701 2905 nec
723 2841 825 2924 magis
849 2827 1023 2924 quidquam
1044 2842 1119 2904 huic
1140 2843 1282 2925 opinioni
1301 2860 1390 2925 prae-

268 2952 341 3016 sidii
371 2958 419 3016 est
438 2953 474 3015 in
495 2952 574 3017 locis
597 2952 636 3016 N.
659 2952 723 3016 VH
747 2954 787 3016 37
811 2959 843 3019 et
863 2953 888 3016 I.
910 2953 959 3017 IV
984 2955 1033 3017 18.
1059 2952 1121 3018 Sed
1144 2954 1199 3017 alii
1226 2959 1303 3019 sunt
1326 2955 1388 3017 loci

269 3064 438 3149 Pindarici,
471 3066 606 3151 neglecti
648 3087 667 3129 a
699 3064 835 3148 Naboro,
871 3066 928 3130 ubi
962 3068 1070 3130 minus
1104 3072 1308 3132 controversa
1341 3072 1389 3131 est

268 3179 492 3264 interpretatio.
523 3178 608 3243 Nam
638 3179 672 3242 P.
696 3178 744 3241 IV
768 3179 809 3242 27
833 3176 953 3242 riudazer
975 3175 1038 3258 δόρυ
1062 3180 1229 3256 μήδεσιν
1253 3180 1388 3245 aarum·

269 3317 375 3366 οοιντες
406 3294 526 3371 νομοῖς
556 3291 700 3359 Medeam
732 3295 771 3359 de
798 3296 888 3358 suis
912 3294 1050 3358 solius
1074 3295 1277 3359 consiliis
1300 3296 1391 3379 loqui

270 3408 320 3472 vel
343 3427 435 3471 caeco
459 3407 663 3472 manifestum
687 3413 742 3472 est
766 3406 918 3472 Similiter
939 3406 971 3470 N
972 3455 978 3470 .
996 3407 1048 3471 ΠΙ
1069 3409 1088 3471 9
1109 3409 1206 3473 verba
1224 3410 1387 3491 τοῖςοέφοο-

270 3520 331 3584 ν’ίοον
365 3519 458 3600 ὄπαζε
487 3520 590 3598 μήτιος
619 3521 727 3598 οὶμοῖς
759 3518 817 3585 ἄπο
849 3541 912 3585 non
937 3522 977 3586 de
999 3523 1100 3606 poetis
1123 3524 1158 3585 in
1181 3541 1307 3607 genere,
1331 3525 1386 3590 sed

272 3633 311 3699 de
334 3634 401 3699 solo
424 3633 572 3717 Pindar0,
596 3637 653 3718 qui
675 3635 815 3720 amplum
842 3636 1012 3700 meditatur
1032 3637 1391 3722 carmen,intellegenda

272 3752 356 3830 sunt,
386 3752 417 3813 et
450 3745 538 3812 haud
569 3747 665 3812 dubie
695 3753 780 3812 recte
803 3751 897 3814 vertit
919 3747 1052 3814 Dissen:
1077 3750 1204 3815 huius
1227 3751 1389 3835 largam

271 3862 428 3944 copiam
451 3859 603 3945 praebe
626 3881 675 3926 ex
694 3867 831 3927 mente
854 3881 946 3927 mea
969 3861 1057 3926 Num
1080 3883 1154 3927 vero
1177 3863 1216 3927 P.
1238 3863 1290 3927 ΠΙ
1318 3864 1392 3947 111,

271 3972 329 4036 ubi
348 3977 523 4058 aegrotanti
546 3974 681 4039 Hieroni
704 3975 781 4040 dicit
802 3980 911 4060 poeta:

405 4084 429 4148 εἴ
450 4086 482 4150 δὲ
504 4087 625 4167 σώφρων
646 4085 746 4168 ἄντρον
769 4085 838 4151 ἔναι’
862 4085 907 4152 ἔτι
932 4087 1044 4168 Χείρων,
1068 4086 1119 4152 aul
1142 4087 1173 4151 τί
1197 4088 1222 4151 οἱ

404 4197 524 4278 Φίλτρον
546 4199 575 4263 ἕν
599 4201 679 4281 θυμῷ
702 4198 878 4282 μελιγάρυες
901 4199 985 4279 ὕμνοι

404 4307 584 4391 ἁμέτερον
605 4311 691 4376 τίθεν
713 4313 817 4393 ἰοοτῆροο
839 4313 885 4378 rel
904 4337 953 4378 κεν
976 4337 1016 4378 νον
1038 4313 1147 4378 πίθον

404 4420 457 4486 aa}
481 4427 530 4488 νῦν
552 4424 661 4489 imici
684 4431 853 4507 ποιροοοχεῖν
875 4425 1011 4504 ἄνδροὶοον
1035 4427 1140 4507 θερμᾶν
1163 4427 1249 4490 νόσων

405 4532 423 4607 ἤ
446 4557 514 4599 τννοο
535 4513 675 4601 Auaritia
697 4536 874 4616 κεκλημένον
896 4537 913 4612 ἢ
937 4538 1069 4621 πατέρος,
