3626 5598
818 683 860 747 4⁷

278 869 338 932 hae
361 867 533 932 sententia:
568 864 742 928 Flavus
772 868 926 929 autem
948 864 1167 929 Achilles
1189 865 1300 928 haee
1322 864 1399 945 (scil.

279 998 374 1064 quam
406 997 483 1042 vera
513 979 577 1041 sint
609 995 693 1059 quae
715 976 809 1039 modo
834 974 914 1058 dixi,
934 976 1109 1059 ingenitam
1133 976 1284 1040 virtutem
1305 975 1400 1058 longe

279 1108 430 1175 superare
454 1090 640 1170 doctrinam)
666 1088 946 1170 ostendens,
968 1087 1194 1170 Philyrae
1214 1089 1260 1152 i‘n
1283 1089 1400 1152 aedi·

277 1202 363 1266 bus
406 1219 520 1284 puer
553 1221 650 1264 eum
684 1205 801 1283 erat,
834 1201 1004 1264 ludens
1039 1219 1198 1284 magna
1232 1198 1400 1266 edebat

277 1314 509 1391 facinora.
531 1309 661 1382 Μμνύειν
684 1310 822 1376 Pindaro
845 1316 894 1377 est
917 1311 1031 1384 δηλοῦν.

320 1541 361 1609 V.
384 1546 436 1609 47.
768 1543 900 1622 σάμοιτιι
922 1542 953 1607 δέ
976 1543 1058 1624 πιορά
1081 1543 1220 1626 Κρονίδιιν

466 1654 624 1736 Κένταυρον
646 1655 921 1734 ἀσθμαίνοντα
943 1653 1031 1736 ιιίμιζ
1063 1705 1071 1722 .

323 1767 393 1846 Quo
416 1789 515 1834 sensu
536 1771 724 1853 interpretes
744 1770 838 1833 hodie
854 1770 961 1834 locum
980 1769 1180 1854 intellegunt,
1193 1768 1398 1834 scribendum

280 1881 384 1947 fuerat
406 1881 658 1962 ἀσπιιίροντιι.
679 1881 741 1947 Sed
758 1882 854 1965 longe
871 1882 1012 1965 praefero
1025 1882 1217 1948 scholiastae
1228 1883 1397 1948 lectionem

276 1993 505 2072 delicatiora
540 1992 735 2073 ἐκόμιζεν,
769 1995 857 2078 quod
886 1995 1018 2078 pulchre
1049 1999 1080 2060 et
1102 1996 1251 2079 graphice
1274 1995 1395 2059 dictum

276 2111 325 2170 est
348 2107 387 2171 de
409 2108 608 2170 sexenni
630 2126 789 2189 puero,
809 2106 1314 2192 quimagnabeluarumeorpora
1333 2127 1399 2170 an-

276 2219 443 2284 helans
465 2224 568 2302 portat
591 2220 631 2283 ad
653 2217 829 2284 Chironem.

321 2438 360 2502 V.
386 2439 437 2502 76.
878 2437 936 2516 ἐγὼ
959 2437 1025 2502 τάδε
1046 2461 1089 2503 τοι

467 2549 577 2628 πέμπω
600 2548 784 2628 μεμιγμένον
807 2548 876 2627 μέλι
899 2551 991 2632 λευκῷ

465 2663 518 2726 σὺν
540 2661 682 2740 γάλοικτι,
705 2662 863 2744 κιρνοομένοι
885 2662 912 2727 δ’
938 2659 1008 2744 έερσ’
1033 2662 1181 2741 ἀμφέπει,

463 2775 567 2839 ΠΟΜ’
591 2775 728 2853 ἀοίδιμον
750 2775 887 2856 Αἰολῇσιν
910 2775 939 2838 ἐν
963 2783 1095 2839 πνοοιῖσιν
1118 2777 1224 2840 adacta

319 2889 524 2955 Substantive
558 2885 642 2969 έιρσιι
675 2890 705 2969 (i.
729 2907 756 2953 e.
788 2885 893 2970 δρόσος)
924 2889 990 2952 vim
1022 2889 1170 2953 tribuunt
1191 2909 1288 2973 quam
1311 2909 1396 2954 nun-

276 3022 373 3085 quam
395 3000 516 3084 habuit,
542 3020 626 3084 spu
639 3019 747 3064 mam
770 3001 800 3080 (i.
819 3019 845 3064 e.
864 2997 967 3082 ἀφρόν)
988 3002 1184 3085 interpretati
1197 3006 1228 3066 et
1239 3003 1396 3065 novitium

274 3111 362 3191 πίμιι
391 3132 448 3198 pro
480 3115 573 3189 πῶμιι
601 3113 698 3176 nimis
728 3113 884 3196 patienter
904 3112 1020 3177 ferunt
1043 3111 1154 3178 Deleta
1177 3113 1303 3197 virgula
1325 3119 1397 3197 poet

271 3222 410 3306 ἀμφέπει
435 3225 575 3308 corrigo:
892 3223 894 3228 ’

784 3333 943 3415 κιρνοιμένοι
966 3334 992 3399 δ’
1017 3333 1088 3416 έιρσ’
1111 3331 1249 3418 ἀμφέπει

462 3448 526 3512 τὸν
548 3447 684 3525 ἀοίδιμον
706 3447 845 3527 Αἰολῇσιν
868 3449 897 3512 έν
920 3455 1053 3512 πνοοιῖσιν
1077 3449 1182 3512 οὐλῶν.

276 3561 356 3644 qui
389 3561 457 3641 (sic)
494 3565 789 3643 temperatus
822 3561 986 3644 liquor
1018 3561 1218 3626 honorat
1247 3563 1396 3627 virum

275 3673 453 3737 clarum
485 3673 658 3754 (victorem)
689 3672 908 3738 Aeolidis
931 3673 1158 3738 tibiarum
1180 3671 1398 3740 flatibus,

274 3786 326 3849 Ad
360 3782 514 3866 ἀμφέπειν
548 3784 585 3847 cf.
619 3782 654 3847 Ο.
684 3784 733 3848 VI
765 3785 815 3848 61.
847 3784 882 3849 Si
913 3787 985 3868 quis
1014 3785 1094 3851 forte
1116 3786 1299 3871 praetulerit
1321 3784 1395 3851 τίδ’

273 3895 615 3976 ἀοίδιμον,ο1ιιιιιιιι
638 3897 721 3961 hoe
743 3897 1396 3982 facimuS,permelicet.Pind26.

318 4117 410 4183 Nern
433 4116 483 4180 IV
506 4119 556 4182 36.

461 4227 557 4306 έμπιι,
580 4225 674 4309 ιιείπερ
697 4225 762 4308 ἔχει
785 4227 894 4307 {latete
918 4228 1038 4302 ποντιάι
1060 4226 1151 4307 ἀλμιο

462 4340 584 4419 μέσοι
597 4365 629 4415 ν,
651 4341 786 4406 ἀντίτειν’
810 4341 959 4426 εὐβουλίᾳ·
982 4340 1096 4424 σφίδριι
1119 4339 1240 4422 δόξομεν

461 4453 548 4519 δοίιιν
571 4452 710 4536 ὑπέρτεροι
735 4455 765 4519 έν
789 4453 861 4536 φάει
883 4453 1084 4533 κοιτοοβοιίνειν.
