3626 5598
959 689 1003 752 48

465 869 570 954 Aegre
600 871 743 935 desidero
773 890 957 954 pronomen,
989 890 1088 955 quare
1117 870 1373 956 permittentibus
1397 874 1540 938 numeris

423 981 558 1046 scribam
582 981 728 1059 μέσσον
751 983 829 1066 <ο’
842 983 892 1058 >,
915 982 1059 1048 ἀντίτειν’.
1085 983 1258 1067 Sequentia
1280 984 1362 1048 male
1382 984 1540 1049 intellexit

422 1092 539 1158 Disaen
569 1142 589 1167 ,,
597 1093 789 1171 καταβαίνειν
811 1098 945 1180 petitum
970 1117 989 1160 a
1011 1095 1194 1178 victoribuS,
1217 1097 1274 1179 qui
1296 1100 1367 1179 poet
1387 1115 1438 1160 res
1461 1096 1541 1161 bene

421 1210 526 1290 gestas
537 1206 620 1271 inter
630 1213 843 1291 spectatorum
856 1209 1098 1273 admirationem
1118 1207 1316 1272 dieoedu
1327 1228 1350 1271 n
1362 1207 1405 1272 t”.
1425 1206 1539 1273 Verte:

422 1337 505 1383 noa
535 1319 803 1385 videbimur
832 1320 1134 1386 adversariis
1165 1321 1541 1404 multosuperio·

421 1450 495 1496 rea
518 1451 614 1497 oum
636 1434 791 1517 gloria
812 1435 858 1498 in
882 1454 1063 1499 arenam
1086 1435 1252 1518 (poetieam
1276 1433 1329 1515 so.)
1353 1434 1541 1500 deseen-

423 1545 536 1609 dere.

465 1729 506 1794 V.
530 1732 581 1795 44.
603 1729 688 1816 Lege
710 1729 839 1796 τελέει
861 1751 917 1816 pro
941 1729 1060 1796 τελέσει.
1083 1731 1209 1797 Pind.
1234 1733 1286 1796 26.

465 1913 505 1979 V.
530 1917 580 1978 55.
603 1914 715 1979 Παλίου
736 1915 768 1980 δὲ
790 1938 849 1997 ταρ
873 1913 941 1980 ποδὶ
964 1891 1154 1997 λατρείαν
1175 1916 1313 1982 Ἰαωλκὸν

611 2027 741 2112 πολεμίᾳ
762 2025 829 2109 χερὶ
851 2028 1106 2109 τροττρατιών

612 2139 727 2214 Πηλεὺς
750 2139 912 2220 παρέδωκεν
933 2138 1117 2218 Αἱμόνεσσιν,
1141 2141 1201 2204 κτὲ.

467 2251 503 2316 Si
535 2253 671 2332 λατρείαν
702 2252 851 2317 haberem
880 2272 937 2336 pro
969 2254 1133 2336 adiectivo,
1155 2274 1231 2318 eum
1261 2252 1422 2319 Schmidio
1445 2255 1482 2318 ol.
1507 2252 1542 2317 0.

423 2363 458 2428 X
488 2366 530 2428 28
561 2366 756 2448 requirerem
786 2370 870 2429 certe
892 2362 1014 2444 λατρίαν
1036 2366 1120 2448 (lieet
1140 2367 1224 2448 inde,
1248 2367 1333 2450 quod
1357 2373 1441 2432 reete
1466 2366 1542 2429 dioi-

423 2483 477 2542 tur
509 2473 624 2557 λοὶτριος
656 2473 766 2553 μισθός,
798 2478 943 2541 nondum
975 2483 1130 2562 sequatur
1157 2478 1271 2544 urbem
1293 2480 1329 2543 in
1351 2480 1539 2543 servitutem

422 2592 581 2655 redactam
616 2589 737 2670 λατρίαν
771 2591 835 2655 dioi
866 2592 969 2674 posse)
1003 2598 1034 2657 et
1067 2591 1235 2673 τερτροιτών
1267 2612 1341 2657 oum
1372 2592 1543 2674 Ahrensio,

424 2704 510 2788 quod
531 2702 702 2787 probabam
725 2702 810 2766 Pin
823 2704 851 2766 d.
879 2704 930 2766 26,
954 2703 1050 2768 Nune
1073 2705 1185 2768 collato
1209 2704 1302 2788 Soph.
1324 2703 1373 2767 El.
1398 2704 1484 2767 1198

612 2814 657 2887 τίς
679 2813 737 2895 γάρ
760 2815 788 2877 τ’
809 2813 927 2895 avam,
951 2816 1021 2896 τῇδε
1044 2815 1280 2898 τροοτρέτει
1303 2815 1429 2897 βροτῶν;

426 2930 483 3011 (sio
513 2930 598 2994 enim
628 2928 714 2992 haud
745 2927 840 2992 dubie
863 2933 947 2993 reate
969 2927 1119 2993 Reiskius
1142 2930 1280 2994 correxit
1303 2928 1456 2992 librorum
1479 2928 1539 2992 leo

425 3044 545 3106 tionem
574 3038 740 3126 προτρέπει)
774 3042 881 3124 quis
913 3041 1032 3104 enim
1061 3042 1330 3106 mortalium
1353 3041 1403 3104 ad
1426 3041 1542 3104 hano

425 3156 766 3219 necessitatem
790 3159 833 3218 te
855 3154 1071 3237 redegit?
1095 3155 1263 3218 emendare
1285 3172 1351 3217 non
1375 3152 1502 3217 dubito:

613 3267 724 3332 Παλίου
748 3264 778 3332 δὲ
800 3288 860 3347 ταρ
882 3265 948 3332 τοδὶ
969 3267 1135 3350 λατρείρι
1155 3268 1302 3332 Ἑιαιολιιὸν
1407 3293 1412 3298 ’

612 3379 743 3462 τολεραίρι
764 3377 831 3461 χερὶ
853 3379 1111 3460 τροοτρατῶν
1133 3379 1193 3443 κτὲ.

425 3497 445 3560 i.
469 3515 494 3562 e.
523 3495 692 3560 Peleus
722 3494 902 3557 Iolcum
931 3494 974 3556 vi
1004 3494 1242 3557 redactam
1271 3494 1318 3555 in
1340 3494 1542 3558 servitu·

425 3614 512 3674 tem
534 3605 851 3672 Haemonibus
874 3606 1089 3670 tradidit.
1111 3607 1164 3670 Ad
1189 3606 1348 3689 digamma
1371 3606 1461 3670 urbis
1485 3625 1542 3670 no-

427 3722 508 3786 mini
537 3719 715 3804 praefixum
745 3718 782 3781 of.
807 3716 848 3780 N.
870 3717 920 3780 III
944 3719 994 3780 34.
1017 3717 1052 3780 Ρ.
1075 3716 1123 3781 IV
1149 3719 1220 3781 188.
1244 3717 1415 3801 Perperam
1436 3717 1542 3801 Bergk

428 3854 485 3919 pro
508 3830 695 3913 τροοτρατών
719 3831 817 3896 edidit
839 3830 1077 3910 τροτρατών.

473 4021 512 4086 V.
522 4017 714 4100 58.τέχναιοι
729 4014 991 4097 χρισάμενοι.
1005 4016 1039 4082 Si
1051 4017 1129 4101 quid
1141 4017 1443 4100 mutandum‚louge
1453 4035 1543 4100 prae-

429 4135 556 4200 tulerim
568 4133 782 4196 coniecturam
797 4150 851 4207 χω
861 4126 1008 4205 οοέαενο
1018 4153 1049 4201 ρ,
1066 4127 1343 4193 commemoratam
1356 4148 1374 4191 a
1385 4127 1543 4210 Triclinio,

429 4247 512 4312 male
542 4264 619 4310 sano
649 4243 779 4327 Bergkii
808 4245 940 4307 invento
973 4239 1300 4322 χαραοοαμενος,
1324 4240 1411 4324 quod
1434 4245 1543 4323 poetae

430 4342 599 4424 obtrudere
622 4376 721 4421 ausus
743 4360 799 4439 est,
822 4356 942 4419 dietum
966 4355 1032 4419 soil.
1053 4373 1109 4438 pro
1127 4352 1302 4434 χαραχθείς.
1324 4350 1428 4428 Quam
1441 4353 1543 4435 suspi-

430 4474 553 4536 oionem
574 4469 761 4554 impugnavi
782 4467 833 4531 Pi
847 4488 870 4531 n
882 4468 911 4530 d.
931 4468 973 4530 26
986 4487 1032 4551 eq.
1051 4464 1170 4530 Debuit
1189 4466 1300 4531 saltem
1318 4460 1542 4544 praeputiatorum.
