3626 5598
833 712 874 772 55

229 947 231 952 .
333 895 544 979 Superoiliose
584 897 751 961 contemtis
792 896 925 979 reliquis
966 896 1093 978 criticis,
1135 894 1243 960 Naber
1276 897 1411 960 coniecit

288 1009 303 1072 ε’
310 1005 424 1086 πειγό
430 1031 557 1085 μενοι,
595 1009 681 1092 quod
711 1014 812 1093 postu,
836 1008 994 1092 quidquid
1024 1010 1162 1092 scripsit,
1184 1007 1321 1073 seribere
1344 1028 1410 1072 non

288 1121 400 1204 potuit
433 1119 516 1184 Nem
550 1117 628 1188 νδςον
658 1118 837 1198 ἐπειγόμενοι
861 1120 1055 1204 significaret
1077 1139 1131 1185 eos
1154 1121 1189 1184 in
1211 1122 1410 1204 patrium

287 1234 585 1300 festinantes
619 1253 728 1298 ocesos
762 1239 794 1299 et
827 1235 913 1318 rogis
946 1235 1112 1318 impositos
1147 1239 1302 1300 crematos
1332 1253 1411 1316 esse,

288 1347 376 1430 quod
400 1347 462 1410 dici
484 1365 551 1410 non
573 1351 695 1430 poterat
718 1345 757 1412 de
779 1347 820 1410 iis
844 1365 926 1429 quos
946 1346 981 1409 in
992 1348 1062 1430 ipss
1073 1344 1163 1412 urbis
1175 1347 1410 1430 oppugnatione

287 1479 307 1522 s
339 1457 496 1525 Thebanis
526 1457 769 1544 erumpentibus
803 1460 923 1524 cladem
948 1479 1059 1543 pessos
1084 1478 1155 1525 esse
1177 1464 1308 1524 constet
1332 1458 1411 1524 Sen-

286 1573 386 1635 tentia
418 1571 520 1649 ferret,
556 1573 583 1635 si
615 1572 665 1636 rel
695 1571 756 1636 hoc
779 1572 818 1636 de
842 1573 977 1636 mortuis
1001 1572 1064 1636 dici
1085 1577 1197 1656 potest,
1219 1569 1409 1648 γλυκέος

287 1682 328 1748 νδ
340 1706 413 1750 roo
441 1681 620 1761 ἐπειγόμενοι
648 1685 696 1766 (ci
721 1685 929 1749 Homericum
951 1682 1140 1766 ,ἐπειγόμενός
1157 1706 1214 1776 περ
1237 1683 1329 1767 ὁδοῖο),
1354 1685 1411 1749 sed

287 1798 381 1862 metri
415 1797 494 1861 ratio
529 1799 575 1862 sic
609 1797 706 1864 scribi
738 1803 832 1862 vetet
862 1797 1022 1881 Equidem
1044 1798 1127 1860 nihil
1148 1798 1265 1862 melius
1287 1798 1410 1881 reperio

288 1907 1410 1994 quamquodproposuiPindusvlrovcenomanensium

286 2022 567 2105 interclusi,
593 2028 631 2088 ut
653 2020 797 2102 ἐρύκεσθαι
821 2021 861 2086 ab
884 2023 1025 2088 Homero
1048 2023 1110 2086 dici
1136 2022 1247 2105 solent,
1272 2024 1328 2106 qui
1351 2023 1408 2088 eli·

287 2134 362 2200 cubi
392 2137 485 2200 inviti
521 2137 703 2202 detinentur
725 2144 756 2202 et
778 2141 953 2202 morantur.
977 2135 1081 2212 Quam
1105 2137 1320 2220 suspicionem
1343 2156 1410 2200 non

286 2251 475 2313 memoravit
507 2247 622 2331 Naber,
654 2251 722 2314 sivo
751 2249 944 2334 improbavit
967 2251 1043 2332 sive,
1066 2269 1158 2314 suam
1183 2255 1219 2314 ut
1241 2255 1409 2334 promeret,

287 2361 327 2426 de
358 2363 517 2426 industrie
550 2363 685 2427 reticuit
719 2362 759 2426 In
789 2363 939 2428 adiuncto
970 2364 1163 2428 Accusativo
1196 2360 1274 2430 ro'sm
1297 2363 1409 2427 saltem

286 2493 352 2537 non
386 2479 435 2538 est
465 2474 552 2558 quod
585 2475 782 2557 haereamus,
807 2495 882 2539 oum
904 2475 1030 2539 dicotur
1051 2473 1155 2554 ἐρύκειν
1178 2473 1210 2538 τί
1237 2497 1300 2538 τινι.
1325 2475 1408 2540 Vide

286 2586 432 2670 exemplo
454 2588 541 2671 opud
562 2586 771 2652 Matthiaeum
795 2587 848 2651 Gr.
872 2587 925 2652 Gr.
950 2587 967 2671 p
992 2589 1066 2669 424,
1092 2589 1111 2650 2
1135 2607 1182 2671 sq.

329 2773 369 2836 V.
393 2775 444 2838 28.
503 2785 506 2792 ’
778 2779 880 2854 πεΐριιν
902 2773 958 2849 μὲν
978 2770 1110 2853 cressa
1131 2772 1333 2853 Φοινικοςόλων

395 2884 510 2966 ἐγχέων
530 2884 645 2951 πιιύπιιν
668 2883 792 2950 lordum
813 2883 878 2966 περὶ
901 2883 954 2949 κιο)
974 2884 1053 2964 ζωᾶς
1075 2884 1156 2948 οἶνοι
1168 2883 1193 2962 β
1203 2883 1224 2947 οὶ
1236 2897 1256 2948 λ
1267 2897 1287 2947 λ
1300 2905 1313 2946 ο
1326 2908 1352 2961 μ
1365 2907 1406 2948 ιιι

1098 2997 1146 3082 [ὥς
1169 2994 1319 3078 πδρπιοπιι,
1344 2997 1405 3062 κπὲ.

329 3111 460 3186 Corroxi
489 3110 815 3190 οὶνοιβιιλλὲμεν
845 3111 907 3195 (vel
929 3108 1088 3188 ιἰνιὶβοιλλέ
1110 3109 1191 3195 μοι).
1216 3109 1341 3174 Pind.
1365 3110 1406 3174 l.l.

284 3223 437 3307 prebente
458 3223 593 3290 Nubere.

328 3411 368 3474 V.
388 3412 438 3474 34.
462 3410 548 3482 αἰδὼς
572 3448 614 3458 -
637 3409 658 3475 οἳ
677 3408 799 3491 Φέρει
823 3408 866 3474 δό
877 3407 897 3484 ξ
907 3433 927 3473 ιι
940 3407 964 3483 ν,
988 3409 1037 3475 De
1054 3409 1406 3493 industriehoeopoote

283 3523 412 3606 eddidit,
435 3526 512 3607 quio
534 3525 653 3609 duplex
671 3531 720 3590 est
737 3523 834 3597 οιῐδώρ,
848 3525 887 3589 de
907 3545 972 3609 quc
984 3522 1134 3588 omnibus
1146 3529 1222 3588 nota
1234 3529 1311 3588 sunt
1323 3543 1405 3607 quse

282 3637 365 3702 dixit
384 3635 547 3702 Hesiodus
571 3637 649 3723 Opp.
672 3657 811 3723 eumque
834 3643 964 3704 secutus
983 3633 1154 3721 Euripides
1173 3639 1207 3701 in
1220 3635 1404 3722 Hippolyto.

325 3826 364 3892 V.
388 3827 439 3890 37.
779 3827 880 3905 παῦροι
904 3823 935 3888 δὲ
957 3823 1204 3902 βουλεῦσαι
1227 3822 1315 3904 φόνον

461 3937 618 4016 eaproter
641 3936 769 4018 νεφέλαν
791 3935 896 4018 πρέψιιι
912 3935 981 4002 ποπὶ
1000 3933 1162 4014 δυσμενέων
1173 3935 1279 4017 ἀνδρῶν
1290 3935 1404 4016 στίχοις
1479 3920 1481 3925 f

460 4050 545 4132 χερσὶ
569 4049 732 4132 καὶψυχξι
755 4048 945 4114 δυνοιποί.

328 4165 432 4242 Quom
462 4168 605 4250 ineptum
641 4165 682 4228 sit
715 4162 874 4240 βουλεῦσαι
908 4163 979 4226 h.l
1014 4162 1138 4226 ostendi
1161 4161 1253 4226 Pind.
1274 4164 1326 4246 29,
1348 4157 1406 4227 ubi

282 4280 351 4344 dixi
380 4279 624 4342 incertissimam
655 4295 725 4341 esse
752 4277 990 4355 correctionem,
1013 4279 1139 4339 tentans
1163 4273 1190 4338 δ’
1215 4275 1318 4356 ε’Φορ
1332 4278 1405 4353 μῶ-

283 4413 380 4464 οοιν,
414 4388 457 4454 δέ
490 4412 568 4453 πον
602 4386 792 4470 λοιβριὶν,
824 4389 893 4452 elia.
924 4386 1070 4452 Verbum
1093 4389 1227 4472 siletet,
1250 4392 1353 4474 possis
1377 4386 1408 4453 δέ

283 4526 360 4568 που
383 4505 548 4584 φῦσοιν,
578 4503 634 4568 sed
655 4503 763 4567 locum
785 4500 981 4566 felicioribus
1004 4502 1199 4567 commendo.
