<?xml version="1.0" encoding="UTF-8"?>
<!DOCTYPE html PUBLIC "-//W3C//DTD XHTML 1.0 Transitional//EN"
    "http://www.w3.org/TR/xhtml1/DTD/xhtml1-transitional.dtd">
<html xmlns="http://www.w3.org/1999/xhtml" xml:lang="en" lang="en">
 <head>
  <title>
</title>
<meta http-equiv="Content-Type" content="text/html;charset=utf-8" />
  <meta name='ocr-system' content='tesseract 3.04.00' />
  <meta name='ocr-capabilities' content='ocr_page ocr_carea ocr_par ocr_line ocrx_word'/>
</head>
<body>
  <div class='ocr_page' id='page_1' title='image "./studiacriticaet00herwgoog_0053.png"; bbox 0 0 3626 5598; ppageno 0'>
   <div class='ocr_carea' id='block_1_1' title="bbox 935 689 978 753">
    <p class='ocr_par' dir='ltr' id='par_1_1' title="bbox 935 689 978 753">
     <span class='ocr_line' id='line_1_1' title="bbox 935 689 978 753; baseline -0.023 0"><span class='ocrx_word' id='word_1_1' title='bbox 935 689 978 753; x_wconf 85' lang='lat'><strong><em>46</em></strong></span> 
     </span>
    </p>
   </div>
   <div class='ocr_carea' id='block_1_2' title="bbox 401 867 1519 1742">
    <p class='ocr_par' dir='ltr' id='par_1_2' title="bbox 401 867 1519 1742">
     <span class='ocr_line' id='line_1_2' title="bbox 442 867 1515 954; baseline 0.003 -20"><span class='ocrx_word' id='word_1_2' title='bbox 442 869 481 934; x_wconf 78' lang='lat' dir='ltr'><strong><em>V.</em></strong></span> <span class='ocrx_word' id='word_1_3' title='bbox 506 871 556 933; x_wconf 85' lang='lat'><strong><em>50.</em></strong></span> <span class='ocrx_word' id='word_1_4' title='bbox 579 867 631 933; x_wconf 75' lang='grc' dir='ltr'><strong><em>καὶ</em></strong></span> <span class='ocrx_word' id='word_1_5' title='bbox 654 869 711 950; x_wconf 78' lang='grc' dir='ltr'><strong><em>γᾶρ</em></strong></span> <span class='ocrx_word' id='word_1_6' title='bbox 734 869 816 934; x_wconf 84' lang='grc' dir='ltr'><strong><em>αᾶτᾶ</em></strong></span> <span class='ocrx_word' id='word_1_7' title='bbox 838 870 948 943; x_wconf 76' lang='grc' dir='ltr'><strong><em>παισίν,</em></strong></span> <span class='ocrx_word' id='word_1_8' title='bbox 972 868 1107 943; x_wconf 75' lang='grc' dir='ltr'><strong><em>ἄπεπλος</em></strong></span> <span class='ocrx_word' id='word_1_9' title='bbox 1129 869 1269 950; x_wconf 86' lang='grc' dir='ltr'><strong><em>θροθοαιο’</em></strong></span> <span class='ocrx_word' id='word_1_10' title='bbox 1289 871 1349 937; x_wconf 70' lang='lat' dir='ltr'><strong><em>atat</em></strong></span> <span class='ocrx_word' id='word_1_11' title='bbox 1371 877 1515 954; x_wconf 76' lang='grc' dir='ltr'><strong><em>ςρωμνᾶς,</em></strong></span> 
     </span>
     <span class='ocr_line' id='line_1_3' title="bbox 855 979 1383 1064; baseline 0.004 -18"><span class='ocrx_word' id='word_1_12' title='bbox 855 979 873 1046; x_wconf 77' lang='grc' dir='ltr'><strong><em>θ’</em></strong></span> <span class='ocrx_word' id='word_1_13' title='bbox 881 1005 961 1060; x_wconf 88' lang='grc' dir='ltr'><strong><em>μως</em></strong></span> <span class='ocrx_word' id='word_1_14' title='bbox 983 980 1094 1060; x_wconf 79' lang='grc' dir='ltr'><strong><em>ἄμυνεν</em></strong></span> <span class='ocrx_word' id='word_1_15' title='bbox 1116 979 1198 1064; x_wconf 75' lang='grc' dir='ltr'><strong><em>ὕβριν</em></strong></span> <span class='ocrx_word' id='word_1_16' title='bbox 1219 983 1383 1048; x_wconf 85' lang='grc' dir='ltr'><strong><em>κνωδᾶλων.</em></strong></span> 
     </span>
     <span class='ocr_line' id='line_1_4' title="bbox 445 1093 1519 1182; baseline 0.006 -24"><span class='ocrx_word' id='word_1_17' title='bbox 445 1093 559 1170; x_wconf 65' lang='lat' dir='ltr'><strong>&#39;ouria</strong></span> <span class='ocrx_word' id='word_1_18' title='bbox 583 1095 669 1178; x_wconf 90' lang='lat' dir='ltr'><strong>quod</strong></span> <span class='ocrx_word' id='word_1_19' title='bbox 695 1095 781 1159; x_wconf 86' lang='lat' dir='ltr'>dedit</span> <span class='ocrx_word' id='word_1_20' title='bbox 803 1093 917 1178; x_wconf 79' lang='lat' dir='ltr'><strong>Christ,</strong></span> <span class='ocrx_word' id='word_1_21' title='bbox 940 1102 1050 1180; x_wconf 88' lang='lat' dir='ltr'><strong>aptum</strong></span> <span class='ocrx_word' id='word_1_22' title='bbox 1073 1116 1139 1160; x_wconf 90' lang='lat' dir='ltr'><strong><em>non</em></strong></span> <span class='ocrx_word' id='word_1_23' title='bbox 1164 1102 1221 1180; x_wconf 67' lang='lat' dir='ltr'><strong>est,</strong></span> <span class='ocrx_word' id='word_1_24' title='bbox 1240 1099 1296 1162; x_wconf 92' lang='lat' dir='ltr'><strong><em>sed</em></strong></span> <span class='ocrx_word' id='word_1_25' title='bbox 1319 1095 1407 1174; x_wconf 76' lang='grc' dir='ltr'><strong><em>ὅμως,</em></strong></span> <span class='ocrx_word' id='word_1_26' title='bbox 1432 1100 1519 1182; x_wconf 90' lang='lat' dir='ltr'><strong>quod</strong></span> 
     </span>
     <span class='ocr_line' id='line_1_5' title="bbox 401 1206 1518 1292; baseline 0.005 -22"><span class='ocrx_word' id='word_1_27' title='bbox 401 1225 477 1270; x_wconf 90' lang='lat' dir='ltr'><strong>sane</strong></span> <span class='ocrx_word' id='word_1_28' title='bbox 499 1206 560 1271; x_wconf 80' lang='lat' dir='ltr'><strong>fert</strong></span> <span class='ocrx_word' id='word_1_29' title='bbox 581 1208 745 1290; x_wconf 88' lang='lat' dir='ltr'><strong>sententia,</strong></span> <span class='ocrx_word' id='word_1_30' title='bbox 770 1208 915 1272; x_wconf 88' lang='lat' dir='ltr'><strong>additum</strong></span> <span class='ocrx_word' id='word_1_31' title='bbox 937 1227 989 1272; x_wconf 88' lang='lat' dir='ltr'><strong><em>me</em></strong></span> <span class='ocrx_word' id='word_1_32' title='bbox 1012 1208 1118 1273; x_wconf 89' lang='lat' dir='ltr'><strong>iudice</strong></span> <span class='ocrx_word' id='word_1_33' title='bbox 1139 1209 1277 1292; x_wconf 84' lang='lat' dir='ltr'><strong>languet</strong></span> <span class='ocrx_word' id='word_1_34' title='bbox 1300 1209 1412 1274; x_wconf 81' lang='lat' dir='ltr'>Malim</span> <span class='ocrx_word' id='word_1_35' title='bbox 1435 1216 1518 1276; x_wconf 82' lang='lat' dir='ltr'><strong>certe</strong></span> 
     </span>
     <span class='ocr_line' id='line_1_6' title="bbox 401 1317 688 1403; baseline 0 -21"><span class='ocrx_word' id='word_1_36' title='bbox 401 1317 512 1383; x_wconf 88' lang='lat' dir='ltr'><strong>deletis</strong></span> <span class='ocrx_word' id='word_1_37' title='bbox 535 1319 688 1403; x_wconf 85' lang='lat' dir='ltr'><strong>virgulis:</strong></span> 
     </span>
     <span class='ocr_line' id='line_1_7' title="bbox 586 1428 1518 1515; baseline 0.004 -21"><span class='ocrx_word' id='word_1_38' title='bbox 586 1428 639 1494; x_wconf 77' lang='grc' dir='ltr'><strong><em>καὶ</em></strong></span> <span class='ocrx_word' id='word_1_39' title='bbox 657 1430 715 1511; x_wconf 76' lang='grc' dir='ltr'><strong><em>γᾶρ</em></strong></span> <span class='ocrx_word' id='word_1_40' title='bbox 735 1429 816 1495; x_wconf 84' lang='grc' dir='ltr'><strong><em>αθτᾶ</em></strong></span> <span class='ocrx_word' id='word_1_41' title='bbox 835 1429 975 1496; x_wconf 77' lang='grc' dir='ltr'><strong><em>παισὶν</em></strong></span> <span class='ocrx_word' id='word_1_42' title='bbox 995 1429 1129 1504; x_wconf 78' lang='grc' dir='ltr'><strong><em>ἄπεπλος</em></strong></span> <span class='ocrx_word' id='word_1_43' title='bbox 1146 1430 1286 1513; x_wconf 87' lang='grc' dir='ltr'><strong><em>θροθοαισ’</em></strong></span> <span class='ocrx_word' id='word_1_44' title='bbox 1301 1433 1363 1498; x_wconf 82' lang='grc' dir='ltr'><strong><em>ἄτθ</em></strong></span> <span class='ocrx_word' id='word_1_45' title='bbox 1384 1439 1518 1515; x_wconf 80' lang='grc' dir='ltr'><strong><em>ςρωμνᾶς</em></strong></span> 
     </span>
     <span class='ocr_line' id='line_1_8' title="bbox 884 1540 1385 1621; baseline 0.008 -15"><span class='ocrx_word' id='word_1_46' title='bbox 884 1543 964 1615; x_wconf 83' lang='grc' dir='ltr'><strong><em>ἑοῖς</em></strong></span> <span class='ocrx_word' id='word_1_47' title='bbox 986 1540 1097 1621; x_wconf 79' lang='grc' dir='ltr'><strong><em>ἄμυνεν</em></strong></span> <span class='ocrx_word' id='word_1_48' title='bbox 1119 1542 1200 1621; x_wconf 84' lang='grc' dir='ltr'><strong><em>θβριν</em></strong></span> <span class='ocrx_word' id='word_1_49' title='bbox 1222 1542 1385 1611; x_wconf 89' lang='grc' dir='ltr'><strong><em>ιινωδᾶλων.</em></strong></span> 
     </span>
     <span class='ocr_line' id='line_1_9' title="bbox 444 1653 1518 1742; baseline 0.006 -24"><span class='ocrx_word' id='word_1_50' title='bbox 444 1653 493 1720; x_wconf 91' lang='lat' dir='ltr'><strong><em>De</em></strong></span> <span class='ocrx_word' id='word_1_51' title='bbox 511 1653 610 1719; x_wconf 79' lang='grc' dir='ltr'><strong><em>ταιοίν</em></strong></span> <span class='ocrx_word' id='word_1_52' title='bbox 630 1673 688 1738; x_wconf 91' lang='lat' dir='ltr'><strong><em>pro</em></strong></span> <span class='ocrx_word' id='word_1_53' title='bbox 706 1653 809 1719; x_wconf 82' lang='grc' dir='ltr'><strong><em>τοσοθν</em></strong></span> <span class='ocrx_word' id='word_1_54' title='bbox 828 1657 976 1720; x_wconf 86' lang='lat' dir='ltr'><strong>restituto</strong></span> <span class='ocrx_word' id='word_1_55' title='bbox 996 1655 1164 1740; x_wconf 82' lang='lat' dir='ltr'><strong>aBerglrio</strong></span> <span class='ocrx_word' id='word_1_56' title='bbox 1175 1676 1306 1742; x_wconf 81' lang='lat' dir='ltr'><strong>prorsus</strong></span> <span class='ocrx_word' id='word_1_57' title='bbox 1320 1677 1385 1722; x_wconf 91' lang='lat' dir='ltr'><strong><em>non</em></strong></span> <span class='ocrx_word' id='word_1_58' title='bbox 1397 1658 1518 1725; x_wconf 91' lang='lat' dir='ltr'><strong>dubito.</strong></span> 
     </span>
    </p>
   </div>
   <div class='ocr_carea' id='block_1_3' title="bbox 401 1850 1521 2614">
    <p class='ocr_par' dir='ltr' id='par_1_3' title="bbox 401 1850 1521 2614">
     <span class='ocr_line' id='line_1_10' title="bbox 444 1850 687 1917; baseline 0 -2"><span class='ocrx_word' id='word_1_59' title='bbox 444 1850 535 1917; x_wconf 88' lang='lat' dir='ltr'><strong><em>Nem.</em></strong></span> <span class='ocrx_word' id='word_1_60' title='bbox 561 1851 612 1916; x_wconf 93' lang='grc' dir='ltr'><strong><em>ΠΙ</em></strong></span> <span class='ocrx_word' id='word_1_61' title='bbox 636 1852 687 1916; x_wconf 86' lang='grc'><strong><em>19.</em></strong></span> 
     </span>
     <span class='ocr_line' id='line_1_11' title="bbox 589 1963 1292 2053; baseline 0.004 -23"><span class='ocrx_word' id='word_1_62' title='bbox 589 1966 613 2030; x_wconf 79' lang='grc' dir='ltr'><strong><em>εἰ</em></strong></span> <span class='ocrx_word' id='word_1_63' title='bbox 634 1966 661 2031; x_wconf 91' lang='grc' dir='ltr'><strong><em>δ’</em></strong></span> <span class='ocrx_word' id='word_1_64' title='bbox 685 1966 737 2032; x_wconf 67' lang='lat' dir='ltr'><strong><em>tes</em></strong></span> <span class='ocrx_word' id='word_1_65' title='bbox 758 1966 850 2039; x_wconf 78' lang='grc' dir='ltr'><strong><em>καλὸς</em></strong></span> <span class='ocrx_word' id='word_1_66' title='bbox 871 1963 971 2047; x_wconf 82' lang='grc' dir='ltr'><strong><em>ἔρδει</em></strong></span> <span class='ocrx_word' id='word_1_67' title='bbox 992 1965 1156 2033; x_wconf 71' lang='grc' dir='ltr'><strong><em>ἙεἙοωιθτα</em></strong></span> <span class='ocrx_word' id='word_1_68' title='bbox 1179 1973 1292 2053; x_wconf 74' lang='grc' dir='ltr'><strong><em>μορφᾷ,</em></strong></span> 
     </span>
     <span class='ocr_line' id='line_1_12' title="bbox 495 2067 1520 2163; baseline 0.005 -22"><span class='ocrx_word' id='word_1_69' title='bbox 495 2067 497 2074; x_wconf 42' lang='lat'><strong><em>⁴</em></strong></span> <span class='ocrx_word' id='word_1_70' title='bbox 588 2077 717 2160; x_wconf 79' lang='grc' dir='ltr'><strong><em>ἄνορὲαις</em></strong></span> <span class='ocrx_word' id='word_1_71' title='bbox 738 2076 921 2159; x_wconf 82' lang='grc' dir='ltr'><strong><em>Ιὑοτερτοθτοοις</em></strong></span> <span class='ocrx_word' id='word_1_72' title='bbox 950 2077 1048 2157; x_wconf 80' lang='grc' dir='ltr'><strong><em>ε’τέβα</em></strong></span> <span class='ocrx_word' id='word_1_73' title='bbox 1070 2087 1141 2154; x_wconf 83' lang='grc' dir='ltr'><strong><em>ταῖς</em></strong></span> <span class='ocrx_word' id='word_1_74' title='bbox 1164 2080 1385 2163; x_wconf 82' lang='grc' dir='ltr'><strong><em>Ἀριςοφᾶνευς.</em></strong></span> <span class='ocrx_word' id='word_1_75' title='bbox 1410 2079 1520 2148; x_wconf 78' lang='grc' dir='ltr'><strong><em>Οὐκέτι</em></strong></span> 
     </span>
     <span class='ocr_line' id='line_1_13' title="bbox 588 2188 1518 2276; baseline 0.003 -21"><span class='ocrx_word' id='word_1_76' title='bbox 588 2189 713 2268; x_wconf 86' lang='grc' dir='ltr'><strong><em>ἄβᾶταν</em></strong></span> <span class='ocrx_word' id='word_1_77' title='bbox 730 2188 794 2255; x_wconf 88' lang='grc' dir='ltr'><strong><em>ἄλα</em></strong></span> <span class='ocrx_word' id='word_1_78' title='bbox 810 2190 906 2256; x_wconf 87' lang='grc' dir='ltr'><strong><em>κιθνων</em></strong></span> <span class='ocrx_word' id='word_1_79' title='bbox 926 2191 994 2272; x_wconf 79' lang='grc' dir='ltr'><strong><em>ὑπὲρ</em></strong></span> <span class='ocrx_word' id='word_1_80' title='bbox 1008 2192 1166 2274; x_wconf 80' lang='grc' dir='ltr'><strong><em>Ἡρακλέος</em></strong></span> <span class='ocrx_word' id='word_1_81' title='bbox 1178 2196 1268 2275; x_wconf 83' lang='grc' dir='ltr'><strong><em>τερᾶν</em></strong></span> <span class='ocrx_word' id='word_1_82' title='bbox 1279 2195 1403 2275; x_wconf 78' lang='grc' dir='ltr'><strong><em>εὐμαρὲς</em></strong></span> <span class='ocrx_word' id='word_1_83' title='bbox 1415 2191 1518 2276; x_wconf 83' lang='grc' dir='ltr'><strong><em>τρθοω.</em></strong></span> 
     </span>
     <span class='ocr_line' id='line_1_14' title="bbox 416 2300 1520 2391; baseline 0.003 -24"><span class='ocrx_word' id='word_1_84' title='bbox 416 2329 417 2332; x_wconf 49' lang='grc'><em>“</em></span> <span class='ocrx_word' id='word_1_85' title='bbox 445 2302 552 2388; x_wconf 83' lang='lat' dir='ltr'>Vulgo</span> <span class='ocrx_word' id='word_1_86' title='bbox 575 2304 680 2370; x_wconf 82' lang='lat' dir='ltr'>editur</span> <span class='ocrx_word' id='word_1_87' title='bbox 702 2300 786 2384; x_wconf 79' lang='grc' dir='ltr'><strong><em>ἔρδων</em></strong></span> <span class='ocrx_word' id='word_1_88' title='bbox 808 2303 847 2377; x_wconf 86' lang='grc' dir='ltr'><strong><em>τ’,</em></strong></span> <span class='ocrx_word' id='word_1_89' title='bbox 871 2306 974 2388; x_wconf 86' lang='lat' dir='ltr'><strong>posita</strong></span> <span class='ocrx_word' id='word_1_90' title='bbox 996 2305 1122 2388; x_wconf 84' lang='lat' dir='ltr'><strong>virgula</strong></span> <span class='ocrx_word' id='word_1_91' title='bbox 1141 2312 1213 2390; x_wconf 90' lang='lat' dir='ltr'><strong>post</strong></span> <span class='ocrx_word' id='word_1_92' title='bbox 1231 2304 1443 2387; x_wconf 73' lang='grc' dir='ltr'><strong><em>Ἀριςοφᾶνευς</em></strong></span> <span class='ocrx_word' id='word_1_93' title='bbox 1462 2326 1520 2391; x_wconf 89' lang='lat' dir='ltr'><strong><em>pro</em></strong></span> 
     </span>
     <span class='ocr_line' id='line_1_15' title="bbox 402 2414 1521 2501; baseline 0.002 -21"><span class='ocrx_word' id='word_1_94' title='bbox 402 2421 520 2500; x_wconf 88' lang='lat' dir='ltr'><strong>puncto</strong></span> <span class='ocrx_word' id='word_1_95' title='bbox 551 2421 582 2480; x_wconf 92' lang='lat' dir='ltr'><strong><em>et</em></strong></span> <span class='ocrx_word' id='word_1_96' title='bbox 612 2415 730 2479; x_wconf 85' lang='lat' dir='ltr'><strong>emissa</strong></span> <span class='ocrx_word' id='word_1_97' title='bbox 757 2421 829 2498; x_wconf 89' lang='lat' dir='ltr'><strong>pest</strong></span> <span class='ocrx_word' id='word_1_98' title='bbox 851 2419 963 2497; x_wconf 74' lang='grc' dir='ltr'><strong><em>μορφᾷ.</em></strong></span> <span class='ocrx_word' id='word_1_99' title='bbox 989 2414 1078 2492; x_wconf 83' lang='lat' dir='ltr'>Quae</span> <span class='ocrx_word' id='word_1_100' title='bbox 1100 2419 1258 2501; x_wconf 84' lang='lat' dir='ltr'><strong>scriptura</strong></span> <span class='ocrx_word' id='word_1_101' title='bbox 1279 2438 1338 2482; x_wconf 85' lang='lat' dir='ltr'><strong><em>cun</em></strong></span> <span class='ocrx_word' id='word_1_102' title='bbox 1358 2418 1434 2484; x_wconf 88' lang='lat' dir='ltr'><strong>ferri</strong></span> <span class='ocrx_word' id='word_1_103' title='bbox 1454 2437 1521 2483; x_wconf 89' lang='lat' dir='ltr'><strong><em>non</em></strong></span> 
     </span>
     <span class='ocr_line' id='line_1_16' title="bbox 401 2529 1443 2614; baseline 0.001 -21"><span class='ocrx_word' id='word_1_104' title='bbox 401 2531 511 2614; x_wconf 81' lang='lat' dir='ltr'><strong>possit,</strong></span> <span class='ocrx_word' id='word_1_105' title='bbox 533 2530 668 2614; x_wconf 80' lang='lat' dir='ltr'>exposui</span> <span class='ocrx_word' id='word_1_106' title='bbox 690 2529 805 2593; x_wconf 92' lang='lat' dir='ltr'><strong>Pind.</strong></span> <span class='ocrx_word' id='word_1_107' title='bbox 831 2530 881 2592; x_wconf 85' lang='grc'><strong><em>25.</em></strong></span> <span class='ocrx_word' id='word_1_108' title='bbox 904 2531 958 2594; x_wconf 86' lang='lat' dir='ltr'><strong><em>Ad</em></strong></span> <span class='ocrx_word' id='word_1_109' title='bbox 980 2535 1174 2595; x_wconf 75' lang='lat' dir='ltr'><strong>structuram</strong></span> <span class='ocrx_word' id='word_1_110' title='bbox 1197 2531 1234 2594; x_wconf 79' lang='lat' dir='ltr'><strong><em>cl</em></strong></span> <span class='ocrx_word' id='word_1_111' title='bbox 1258 2531 1297 2595; x_wconf 91' lang='lat' dir='ltr'><strong><em>N.</em></strong></span> <span class='ocrx_word' id='word_1_112' title='bbox 1319 2530 1368 2595; x_wconf 82' lang='lat' dir='ltr'><strong><em>IV</em></strong></span> <span class='ocrx_word' id='word_1_113' title='bbox 1392 2531 1443 2594; x_wconf 88' lang='grc'><strong><em>69.</em></strong></span> 
     </span>
    </p>
   </div>
   <div class='ocr_carea' id='block_1_4' title="bbox 405 2711 1521 3245">
    <p class='ocr_par' dir='ltr' id='par_1_4' title="bbox 405 2711 1521 3245">
     <span class='ocr_line' id='line_1_17' title="bbox 448 2711 1388 2796; baseline 0.001 -16"><span class='ocrx_word' id='word_1_114' title='bbox 448 2715 487 2780; x_wconf 81' lang='lat' dir='ltr'><strong><em>V.</em></strong></span> <span class='ocrx_word' id='word_1_115' title='bbox 511 2717 562 2779; x_wconf 88' lang='grc'><strong><em>32.</em></strong></span> <span class='ocrx_word' id='word_1_116' title='bbox 983 2721 1143 2779; x_wconf 80' lang='grc' dir='ltr'><strong><em>παλαιαῖσι</em></strong></span> <span class='ocrx_word' id='word_1_117' title='bbox 1165 2713 1193 2779; x_wconf 83' lang='grc' dir='ltr'><strong><em>δ’</em></strong></span> <span class='ocrx_word' id='word_1_118' title='bbox 1214 2716 1243 2779; x_wconf 81' lang='grc' dir='ltr'><strong><em>ἐν</em></strong></span> <span class='ocrx_word' id='word_1_119' title='bbox 1266 2711 1388 2796; x_wconf 80' lang='grc' dir='ltr'><strong><em>ἄρετοοῖς</em></strong></span> 
     </span>
     <span class='ocr_line' id='line_1_18' title="bbox 593 2823 1516 2906; baseline 0 -16"><span class='ocrx_word' id='word_1_120' title='bbox 593 2833 751 2890; x_wconf 83' lang='grc' dir='ltr'><strong>ΓΕΓΑΘΕ</strong></span> <span class='ocrx_word' id='word_1_121' title='bbox 782 2824 897 2899; x_wconf 76' lang='grc' dir='ltr'><strong><em>Πηλεὺς</em></strong></span> <span class='ocrx_word' id='word_1_122' title='bbox 925 2823 1012 2900; x_wconf 81' lang='grc' dir='ltr'><strong><em>ἄναξ,</em></strong></span> <span class='ocrx_word' id='word_1_123' title='bbox 1036 2834 1235 2891; x_wconf 83' lang='grc' dir='ltr'><strong><em>ΤΠΕΡαλλον</em></strong></span> <span class='ocrx_word' id='word_1_124' title='bbox 1258 2825 1379 2906; x_wconf 76' lang='grc' dir='ltr'><strong><em>αἰχμὰν</em></strong></span> <span class='ocrx_word' id='word_1_125' title='bbox 1401 2825 1516 2905; x_wconf 87' lang='grc' dir='ltr'><strong><em>ταμιθν.</em></strong></span> 
     </span>
     <span class='ocr_line' id='line_1_19' title="bbox 448 2939 1521 3026; baseline -0.003 -20"><span class='ocrx_word' id='word_1_126' title='bbox 448 2940 624 3006; x_wconf 84' lang='lat' dir='ltr'><strong>Sententia:</strong></span> <span class='ocrx_word' id='word_1_127' title='bbox 658 2940 699 3004; x_wconf 94' lang='lat' dir='ltr'><strong><em>In</em></strong></span> <span class='ocrx_word' id='word_1_128' title='bbox 732 2939 773 3004; x_wconf 91' lang='lat' dir='ltr'><strong><em>iis</em></strong></span> <span class='ocrx_word' id='word_1_129' title='bbox 809 2959 891 3024; x_wconf 82' lang='lat' dir='ltr'><strong>quae</strong></span> <span class='ocrx_word' id='word_1_130' title='bbox 924 2942 1101 3024; x_wconf 88' lang='lat' dir='ltr'><strong>antiquitus</strong></span> <span class='ocrx_word' id='word_1_131' title='bbox 1136 2941 1295 3026; x_wconf 87' lang='lat' dir='ltr'><strong>praeclare</strong></span> <span class='ocrx_word' id='word_1_132' title='bbox 1323 2946 1414 3026; x_wconf 85' lang='lat' dir='ltr'><strong>gesta</strong></span> <span class='ocrx_word' id='word_1_133' title='bbox 1444 2945 1521 3005; x_wconf 91' lang='lat' dir='ltr'><strong>sunt</strong></span> 
     </span>
     <span class='ocr_line' id='line_1_20' title="bbox 405 3050 989 3138; baseline -0.003 -20"><span class='ocrx_word' id='word_1_134' title='bbox 405 3053 550 3138; x_wconf 80' lang='lat' dir='ltr'><strong>splendet</strong></span> <span class='ocrx_word' id='word_1_135' title='bbox 570 3053 696 3117; x_wconf 84' lang='lat' dir='ltr'><strong>Peleus.</strong></span> <span class='ocrx_word' id='word_1_136' title='bbox 721 3050 826 3129; x_wconf 81' lang='lat' dir='ltr'><strong>Quare</strong></span> <span class='ocrx_word' id='word_1_137' title='bbox 848 3053 989 3117; x_wconf 80' lang='lat' dir='ltr'><strong>correxi:</strong></span> 
     </span>
     <span class='ocr_line' id='line_1_21' title="bbox 989 3163 1389 3245; baseline -0.003 -17"><span class='ocrx_word' id='word_1_138' title='bbox 989 3171 1148 3229; x_wconf 78' lang='grc' dir='ltr'><strong><em>παλαιαῖσι</em></strong></span> <span class='ocrx_word' id='word_1_139' title='bbox 1170 3163 1198 3228; x_wconf 91' lang='grc' dir='ltr'><strong><em>δ’</em></strong></span> <span class='ocrx_word' id='word_1_140' title='bbox 1221 3164 1250 3228; x_wconf 83' lang='grc' dir='ltr'><strong><em>ἐν</em></strong></span> <span class='ocrx_word' id='word_1_141' title='bbox 1272 3164 1389 3245; x_wconf 85' lang='grc' dir='ltr'><strong><em>ἄρετοιῖς</em></strong></span> 
     </span>
    </p>
   </div>
   <div class='ocr_carea' id='block_1_5' title="bbox 592 3260 1631 3356">
    <p class='ocr_par' dir='ltr' id='par_1_5' title="bbox 592 3260 1631 3356">
     <span class='ocr_line' id='line_1_22' title="bbox 592 3260 1631 3356; baseline -0.003 -14"><span class='ocrx_word' id='word_1_142' title='bbox 592 3285 803 3342; x_wconf 83' lang='grc' dir='ltr'><strong>ΛΕΛΑΜΠΕ</strong></span> <span class='ocrx_word' id='word_1_143' title='bbox 825 3275 941 3350; x_wconf 76' lang='grc' dir='ltr'><strong><em>Πηλεὺς</em></strong></span> <span class='ocrx_word' id='word_1_144' title='bbox 958 3273 1045 3352; x_wconf 80' lang='grc' dir='ltr'><strong><em>ἄναξ,</em></strong></span> <span class='ocrx_word' id='word_1_145' title='bbox 1065 3285 1249 3341; x_wconf 86' lang='grc' dir='ltr'><strong><em>ΠΕΡΙαλλον</em></strong></span> <span class='ocrx_word' id='word_1_146' title='bbox 1268 3275 1388 3356; x_wconf 74' lang='grc' dir='ltr'><strong><em>αἰχμὰν</em></strong></span> <span class='ocrx_word' id='word_1_147' title='bbox 1406 3274 1527 3354; x_wconf 69' lang='grc' dir='ltr'><strong><em>ταμθν.</em></strong></span> <span class='ocrx_word' id='word_1_148' title='bbox 1628 3260 1631 3268; x_wconf 52' lang='grc'><strong>’</strong></span> 
     </span>
    </p>
   </div>
   <div class='ocr_carea' id='block_1_6' title="bbox 406 3389 1521 3584">
    <p class='ocr_par' dir='ltr' id='par_1_6' title="bbox 406 3389 1521 3584">
     <span class='ocr_line' id='line_1_23' title="bbox 449 3389 1521 3474; baseline -0.003 -19"><span class='ocrx_word' id='word_1_149' title='bbox 449 3392 502 3456; x_wconf 88' lang='lat' dir='ltr'><strong><em>Ad</em></strong></span> <span class='ocrx_word' id='word_1_150' title='bbox 535 3389 689 3471; x_wconf 83' lang='grc' dir='ltr'><strong><em>τερθαλλον</em></strong></span> <span class='ocrx_word' id='word_1_151' title='bbox 720 3391 757 3455; x_wconf 86' lang='lat' dir='ltr'><strong><em>cf.</em></strong></span> <span class='ocrx_word' id='word_1_152' title='bbox 788 3389 824 3454; x_wconf 93' lang='lat' dir='ltr'><strong><em>P.</em></strong></span> <span class='ocrx_word' id='word_1_153' title='bbox 854 3389 906 3454; x_wconf 88' lang='lat' dir='ltr'><strong><em>XI</em></strong></span> <span class='ocrx_word' id='word_1_154' title='bbox 937 3392 966 3454; x_wconf 90' lang='lat'><strong><em>8.</em></strong></span> <span class='ocrx_word' id='word_1_155' title='bbox 995 3390 1121 3454; x_wconf 85' lang='lat' dir='ltr'><strong>Pind.</strong></span> <span class='ocrx_word' id='word_1_156' title='bbox 1147 3391 1197 3453; x_wconf 84' lang='lat'><strong><em>25.</em></strong></span> <span class='ocrx_word' id='word_1_157' title='bbox 1219 3389 1342 3474; x_wconf 82' lang='lat' dir='ltr'><strong>Fragm.</strong></span> <span class='ocrx_word' id='word_1_158' title='bbox 1368 3389 1450 3453; x_wconf 81' lang='lat'>172:</span> <span class='ocrx_word' id='word_1_159' title='bbox 1475 3389 1521 3453; x_wconf 77' lang='lat' dir='ltr'><strong><em>ot</em></strong></span> 
     </span>
     <span class='ocr_line' id='line_1_24' title="bbox 406 3500 1333 3584; baseline -0.001 -18"><span class='ocrx_word' id='word_1_160' title='bbox 406 3502 668 3577; x_wconf 59' lang='lat' dir='ltr'><strong><em>nestorianitas</em></strong></span> <span class='ocrx_word' id='word_1_161' title='bbox 692 3502 813 3582; x_wconf 78' lang='grc' dir='ltr'><strong><em>μόχθοις</em></strong></span> <span class='ocrx_word' id='word_1_162' title='bbox 837 3500 937 3575; x_wconf 75' lang='grc' dir='ltr'><strong><em>νεάτοις</em></strong></span> <span class='ocrx_word' id='word_1_163' title='bbox 960 3501 1187 3581; x_wconf 83' lang='grc' dir='ltr'><strong><em>ἐνέλοιμψεν</em></strong></span> <span class='ocrx_word' id='word_1_164' title='bbox 1209 3501 1333 3584; x_wconf 73' lang='grc' dir='ltr'><strong><em>μυρίοιςς</em></strong></span> 
     </span>
    </p>
   </div>
   <div class='ocr_carea' id='block_1_7' title="bbox 409 3683 1525 4557">
    <p class='ocr_par' dir='ltr' id='par_1_7' title="bbox 451 3683 1522 3767">
     <span class='ocr_line' id='line_1_25' title="bbox 451 3683 1522 3767; baseline 0 -18"><span class='ocrx_word' id='word_1_165' title='bbox 451 3686 490 3750; x_wconf 90' lang='lat' dir='ltr'><strong><em>V.</em></strong></span> <span class='ocrx_word' id='word_1_166' title='bbox 513 3688 565 3750; x_wconf 89' lang='grc'><strong><em>43.</em></strong></span> <span class='ocrx_word' id='word_1_167' title='bbox 588 3683 689 3761; x_wconf 77' lang='grc' dir='ltr'><strong><em>ξανθὸς</em></strong></span> <span class='ocrx_word' id='word_1_168' title='bbox 708 3686 735 3750; x_wconf 87' lang='grc' dir='ltr'><strong><em>δ’</em></strong></span> <span class='ocrx_word' id='word_1_169' title='bbox 754 3685 899 3765; x_wconf 78' lang='grc' dir='ltr'><strong><em>Ἀχιλεὺς</em></strong></span> <span class='ocrx_word' id='word_1_170' title='bbox 918 3685 959 3749; x_wconf 88' lang='grc' dir='ltr'><strong><em>τᾶ</em></strong></span> <span class='ocrx_word' id='word_1_171' title='bbox 981 3686 1051 3764; x_wconf 80' lang='grc' dir='ltr'><strong><em>μὲν</em></strong></span> <span class='ocrx_word' id='word_1_172' title='bbox 1075 3684 1198 3764; x_wconf 76' lang='grc' dir='ltr'><strong><em>μένων</em></strong></span> <span class='ocrx_word' id='word_1_173' title='bbox 1221 3684 1348 3767; x_wconf 86' lang='grc' dir='ltr'><strong><em>Φιλθρας</em></strong></span> <span class='ocrx_word' id='word_1_174' title='bbox 1367 3686 1396 3748; x_wconf 85' lang='grc' dir='ltr'><strong><em>ἕν</em></strong></span> <span class='ocrx_word' id='word_1_175' title='bbox 1413 3684 1522 3763; x_wconf 87' lang='grc' dir='ltr'><strong><em>δθμοις,</em></strong></span> 
     </span>
    </p>

    <p class='ocr_par' dir='ltr' id='par_1_8' title="bbox 594 3796 1184 3880">
     <span class='ocr_line' id='line_1_26' title="bbox 594 3796 1184 3880; baseline 0 -18"><span class='ocrx_word' id='word_1_176' title='bbox 594 3805 668 3871; x_wconf 82' lang='grc' dir='ltr'><strong><em>ταῖς</em></strong></span> <span class='ocrx_word' id='word_1_177' title='bbox 691 3800 742 3864; x_wconf 80' lang='grc' dir='ltr'><strong><em>ἐὼν</em></strong></span> <span class='ocrx_word' id='word_1_178' title='bbox 765 3796 848 3880; x_wconf 86' lang='grc' dir='ltr'><strong><em>ἄθυρε</em></strong></span> <span class='ocrx_word' id='word_1_179' title='bbox 870 3796 995 3877; x_wconf 75' lang='grc' dir='ltr'><strong><em>μεγᾶλα</em></strong></span> <span class='ocrx_word' id='word_1_180' title='bbox 1017 3796 1098 3878; x_wconf 76' lang='grc' dir='ltr'><strong><em>ἔργα·</em></strong></span> <span class='ocrx_word' id='word_1_181' title='bbox 1122 3799 1184 3862; x_wconf 82' lang='grc' dir='ltr'><strong><em>ιιτὲ.</em></strong></span> 
     </span>
    </p>

    <p class='ocr_par' dir='ltr' id='par_1_9' title="bbox 409 3907 1525 4334">
     <span class='ocr_line' id='line_1_27' title="bbox 452 3907 1524 3996; baseline -0.003 -19"><span class='ocrx_word' id='word_1_182' title='bbox 452 3911 557 3978; x_wconf 87' lang='lat' dir='ltr'><strong>Locus</strong></span> <span class='ocrx_word' id='word_1_183' title='bbox 590 3913 724 3996; x_wconf 85' lang='lat' dir='ltr'><strong>turpiter</strong></span> <span class='ocrx_word' id='word_1_184' title='bbox 757 3911 973 3995; x_wconf 85' lang='lat' dir='ltr'><strong>interpolatus,</strong></span> <span class='ocrx_word' id='word_1_185' title='bbox 1002 3931 1078 3975; x_wconf 90' lang='lat' dir='ltr'><strong><em>nam</em></strong></span> <span class='ocrx_word' id='word_1_186' title='bbox 1107 3930 1213 3994; x_wconf 92' lang='lat' dir='ltr'><strong>neque</strong></span> <span class='ocrx_word' id='word_1_187' title='bbox 1241 3909 1282 3974; x_wconf 78' lang='lat' dir='ltr'><strong><em>rol</em></strong></span> <span class='ocrx_word' id='word_1_188' title='bbox 1305 3907 1360 3987; x_wconf 84' lang='grc' dir='ltr'><strong><em>μὲν</em></strong></span> <span class='ocrx_word' id='word_1_189' title='bbox 1382 3911 1524 3995; x_wconf 80' lang='lat' dir='ltr'><strong>intellegi</strong></span> 
     </span>
     <span class='ocr_line' id='line_1_28' title="bbox 409 4022 1525 4110; baseline -0.002 -20"><span class='ocrx_word' id='word_1_190' title='bbox 409 4030 522 4110; x_wconf 84' lang='lat' dir='ltr'><strong>potest,</strong></span> <span class='ocrx_word' id='word_1_191' title='bbox 543 4043 648 4108; x_wconf 88' lang='lat' dir='ltr'><strong>neque</strong></span> <span class='ocrx_word' id='word_1_192' title='bbox 679 4023 773 4101; x_wconf 78' lang='grc' dir='ltr'><strong><em>μένων</em></strong></span> <span class='ocrx_word' id='word_1_193' title='bbox 795 4022 973 4108; x_wconf 86' lang='lat' dir='ltr'><strong>significare</strong></span> <span class='ocrx_word' id='word_1_194' title='bbox 995 4027 1106 4107; x_wconf 84' lang='lat' dir='ltr'><strong>potest,</strong></span> <span class='ocrx_word' id='word_1_195' title='bbox 1129 4023 1217 4106; x_wconf 91' lang='lat' dir='ltr'><strong>quod</strong></span> <span class='ocrx_word' id='word_1_196' title='bbox 1238 4027 1352 4106; x_wconf 87' lang='lat' dir='ltr'><strong>putant</strong></span> <span class='ocrx_word' id='word_1_197' title='bbox 1372 4024 1525 4106; x_wconf 86' lang='lat' dir='ltr'><strong>iuterpre-</strong></span> 
     </span>
     <span class='ocr_line' id='line_1_29' title="bbox 409 4135 1524 4222; baseline -0.004 -18"><span class='ocrx_word' id='word_1_198' title='bbox 409 4143 466 4222; x_wconf 88' lang='lat' dir='ltr'><strong><em>tes,</em></strong></span> <span class='ocrx_word' id='word_1_199' title='bbox 489 4140 681 4222; x_wconf 85' lang='lat' dir='ltr'><strong>degens,</strong></span> <span class='ocrx_word' id='word_1_200' title='bbox 703 4156 769 4201; x_wconf 89' lang='lat' dir='ltr'><strong><em>non</em></strong></span> <span class='ocrx_word' id='word_1_201' title='bbox 790 4137 893 4221; x_wconf 81' lang='lat' dir='ltr'><strong>magis</strong></span> <span class='ocrx_word' id='word_1_202' title='bbox 916 4156 1012 4219; x_wconf 90' lang='lat' dir='ltr'><strong>quam</strong></span> <span class='ocrx_word' id='word_1_203' title='bbox 1031 4135 1143 4200; x_wconf 80' lang='lat' dir='ltr'><strong>Latine</strong></span> <span class='ocrx_word' id='word_1_204' title='bbox 1163 4155 1199 4200; x_wconf 92' lang='lat' dir='ltr'><strong><em>ec</em></strong></span> <span class='ocrx_word' id='word_1_205' title='bbox 1220 4154 1318 4200; x_wconf 91' lang='lat' dir='ltr'><strong>sensu</strong></span> <span class='ocrx_word' id='word_1_206' title='bbox 1337 4155 1524 4200; x_wconf 88' lang='lat' dir='ltr'><strong>manens</strong></span> 
     </span>
     <span class='ocr_line' id='line_1_30' title="bbox 410 4249 1324 4334; baseline -0.005 -19"><span class='ocrx_word' id='word_1_207' title='bbox 410 4250 472 4315; x_wconf 88' lang='lat' dir='ltr'><strong>dici</strong></span> <span class='ocrx_word' id='word_1_208' title='bbox 495 4255 605 4334; x_wconf 84' lang='lat' dir='ltr'><strong>potest</strong></span> <span class='ocrx_word' id='word_1_209' title='bbox 625 4249 763 4333; x_wconf 86' lang='lat' dir='ltr'><strong>Utrique</strong></span> <span class='ocrx_word' id='word_1_210' title='bbox 783 4249 867 4313; x_wconf 86' lang='lat' dir='ltr'><strong>rncle</strong></span> <span class='ocrx_word' id='word_1_211' title='bbox 890 4254 927 4313; x_wconf 92' lang='lat' dir='ltr'><strong><em>ut</em></strong></span> <span class='ocrx_word' id='word_1_212' title='bbox 951 4267 1145 4330; x_wconf 79' lang='lat' dir='ltr'><strong>succurram,</strong></span> <span class='ocrx_word' id='word_1_213' title='bbox 1166 4267 1324 4332; x_wconf 87' lang='lat' dir='ltr'><strong>propono:</strong></span> 
     </span>
    </p>

    <p class='ocr_par' dir='ltr' id='par_1_10' title="bbox 597 4357 1474 4557">
     <span class='ocr_line' id='line_1_31' title="bbox 598 4357 1474 4440; baseline -0.003 -14"><span class='ocrx_word' id='word_1_214' title='bbox 598 4359 699 4438; x_wconf 77' lang='grc' dir='ltr'><strong><em>ξανθὸς</em></strong></span> <span class='ocrx_word' id='word_1_215' title='bbox 720 4362 747 4426; x_wconf 91' lang='grc' dir='ltr'><strong><em>δ’</em></strong></span> <span class='ocrx_word' id='word_1_216' title='bbox 771 4360 915 4440; x_wconf 80' lang='grc' dir='ltr'><strong><em>Ἀχιλεὺς</em></strong></span> <span class='ocrx_word' id='word_1_217' title='bbox 936 4360 977 4425; x_wconf 86' lang='grc' dir='ltr'><strong><em>τᾶ</em></strong></span> <span class='ocrx_word' id='word_1_218' title='bbox 999 4359 1151 4438; x_wconf 86' lang='grc' dir='ltr'><strong><em>μανθων</em></strong></span> <span class='ocrx_word' id='word_1_219' title='bbox 1174 4358 1301 4440; x_wconf 81' lang='grc' dir='ltr'><strong><em>Φιλύρας</em></strong></span> <span class='ocrx_word' id='word_1_220' title='bbox 1324 4360 1353 4423; x_wconf 82' lang='grc' dir='ltr'><strong><em>ἒν</em></strong></span> <span class='ocrx_word' id='word_1_221' title='bbox 1375 4357 1474 4437; x_wconf 87' lang='grc' dir='ltr'><strong><em>δθμοις</em></strong></span> 
     </span>
     <span class='ocr_line' id='line_1_32' title="bbox 597 4469 1148 4557; baseline -0.004 -21"><span class='ocrx_word' id='word_1_222' title='bbox 597 4480 668 4545; x_wconf 78' lang='grc' dir='ltr'><strong><em>ταῖς</em></strong></span> <span class='ocrx_word' id='word_1_223' title='bbox 690 4473 742 4536; x_wconf 72' lang='grc' dir='ltr'><strong><em>ἔων</em></strong></span> <span class='ocrx_word' id='word_1_224' title='bbox 764 4470 847 4553; x_wconf 86' lang='grc' dir='ltr'><strong><em>ἄθυρε</em></strong></span> <span class='ocrx_word' id='word_1_225' title='bbox 868 4470 993 4550; x_wconf 74' lang='grc' dir='ltr'><strong><em>μερᾶλοι</em></strong></span> <span class='ocrx_word' id='word_1_226' title='bbox 1014 4469 1097 4552; x_wconf 72' lang='grc' dir='ltr'><strong><em>ἔργα.</em></strong></span> <span class='ocrx_word' id='word_1_227' title='bbox 1146 4553 1148 4557; x_wconf 23' lang='grc' dir='ltr'>Ι</span> 
     </span>
    </p>
   </div>
   <div class='ocr_carea' id='block_1_8' title="bbox 0 0 1826 5588">
    <p class='ocr_par' dir='ltr' id='par_1_11' title="bbox 0 0 1826 5588">
     <span class='ocr_line' id='line_1_33' title="bbox 0 0 1826 5588; baseline 0 0"><span class='ocrx_word' id='word_1_228' title='bbox 0 0 1826 5588; x_wconf 95' lang='lat' dir='ltr'><strong><em> </em></strong></span> 
     </span>
    </p>
   </div>
  </div>
 </body>
</html>
