3626 5598
315 915 352 978 V.
377 916 429 978 41.

317 1025 1391 1109 1ἠδ’νιρετςῐκιιταιιειτιιισῖισνινιργνὶν,αμφὸτερσν

336 1137 484 1211 δατιὶναις
508 1137 612 1203 τεκαὶ
635 1139 738 1212 τόνοις,
762 1139 820 1219 χρή
843 1163 883 1204 νιν
906 1139 1189 1221 εὑρόντεσσιν

334 1249 467 1333 ἀγάνορα
489 1250 603 1328 κόμπον
625 1251 668 1331 μὶν
693 1253 850 1334 Φθσνερνῖσι
869 1252 973 1334 φέρειν.

313 1364 367 1429 Sic
400 1371 486 1430 verte
520 1366 690 1450 apodosin;
721 1371 910 1450 oportet
936 1379 1026 1430 'uon
1050 1368 1215 1433 invida
1240 1374 1391 1433 monte

269 1478 568 1562 splendidum
610 1480 772 1545 laudis
813 1482 1118 1565 praeconium
1161 1481 1287 1547 ferre
1325 1484 1389 1546 iis

236 1677 238 1684 Υ
268 1593 346 1675 qui
372 1611 464 1656 eam
497 1593 669 1673 (virtutem)
692 1594 907 1658 assecuti
930 1597 1047 1657 sunt.
1070 1595 1105 1675 A·
1125 1595 1281 1658 sententia
1305 1596 1389 1658 enim

265 1725 398 1789 prorsus
433 1705 590 1770 aberravit
624 1704 762 1790 Mez'gor‚
794 1707 851 1790 qui
882 1705 1060 1787 Didymum
1091 1712 1220 1772 secutus
1243 1707 1391 1772 voculam

266 1816 324 1898 χρή
359 1819 469 1883 iunxit
501 1838 576 1883 cnm
610 1819 716 1884 dativo
752 1816 935 1898 εὑρόντεσσιν,
968 1839 1042 1883 nam
1073 1826 1109 1883 ut
1140 1820 1296 1884 soloecam
1320 1840 1390 1887 esse

268 1951 369 1996 necne
403 1951 473 1996 eam
497 1937 690 1996 structuram
713 1933 869 2017 disputari
892 1951 984 2016 posse
1007 1952 1096 1996 nunc
1118 1937 1170 1996 τσῦ
1193 1930 1281 2011 λόγον
1305 1930 1389 1997 ἕνεκα

270 2045 492 2126 concedamus,
519 2045 600 2108 nihil
619 2028 737 2109 'tamen
760 2046 877 2110 certius
901 2050 949 2109 est
971 2065 1067 2128 qnam
1090 2045 1268 2110 Pindarum
1291 2045 1330 2110 ab
1354 2066 1391 2111 ea

268 2156 470 2222 abstinuisse.
494 2157 528 2222 Si
551 2158 629 2222 haec
651 2159 751 2242 igitur
774 2178 871 2241 quam
891 2158 960 2222 dixi
978 2163 1026 2222 est
1044 2159 1212 2242 apodosios
1226 2161 1391 2241 sententia,

270 2275 520 2335 consentaneum
553 2276 602 2335 est
623 2272 834 2355 praecessisse
856 2270 938 2334 hunc
959 2270 1025 2335 fere
1049 2273 1236 2335 sententiam
1260 2291 1391 2354 genora-

266 2383 347 2447 lem:
393 2384 432 2446 si
474 2384 634 2447 virtus
668 2401 823 2447 omnes
857 2381 1093 2447 hominum
1126 2383 1390 2448 facultates

270 2494 1391 2579 requirit,tamsumtusquamlabores,neolocum

267 2626 336 2672 esse
361 2609 543 2672 sententiae
574 2608 703 2692 speciali
735 2628 831 2691 quam
854 2607 961 2691 Bergk
985 2609 1146 2672 coniciens
1170 2607 1194 2671 εἱ
1217 2606 1243 2672 δ’
1272 2608 1391 2699 αρετιιῖς

266 2715 417 2782 ιὶνιὶκειται
441 2718 573 2785 subesse
596 2721 724 2805 putavit
746 2725 890 2784 vertens:
913 2721 952 2784 si
970 2719 1176 2801 (Herodotus)
1198 2721 1391 2784 deditus

268 2832 427 2896 studio
479 2832 641 2897 laudis
693 2833 996 2916 agonisticae
1040 2851 1191 2916 neque
1234 2832 1391 2897 labori

269 2922 850 3030 nequosumptuiparcit‚
873 2950 909 3009 ut
932 2946 1045 3011 demus
1070 2949 1146 3030 (quo
1171 2947 1300 3031 deipse
1325 2966 1391 3011 non

270 3061 389 3121 temero
411 3057 573 3122 dubitasse
596 3058 731 3140 videtur)
755 3058 923 3122 ἀνακεῖσθαι
946 3063 1110 3123 aretusto
1130 3065 1223 3143 poeta
1242 3061 1391 3144 usurpari

270 3171 412 3253 potuisse
433 3189 490 3254 pro
513 3169 700 3250 προσκεῖσθαί
718 3193 780 3232 τινι.
805 3170 888 3234 Nam
908 3171 936 3234 si
955 3171 1112 3235 eiusmodi
1132 3173 1211 3255 quid
1231 3171 1391 3237 Pindarus

270 3284 432 3365 voluisset,
450 3285 485 3347 in
504 3285 634 3367 apodosi
652 3285 745 3368 sequi
764 3283 916 3348 debuerat
935 3282 1038 3362 εὑρόντι
1056 3304 1114 3368 pro
1125 3282 1291 3364 εὑρόντεσσι.
1305 3285 1391 3370 Ergo

269 3395 401 3460 Pindari
422 3396 530 3460 locum
554 3397 770 3462 emendaturis
792 3399 826 3460 in
850 3397 968 3480 protasi
992 3398 1174 3481 quaerenda
1196 3403 1244 3462 ost
1264 3400 1391 3482 qualem

268 3511 408 3574 indicavi
438 3512 624 3575 sententiam
658 3511 847 3594 generalem,
877 3511 930 3574 cui
960 3511 1055 3575 etiam
1077 3530 1262 3594 praegressa
1284 3512 1391 3576 favere

268 3623 426 3688 videntur.
450 3623 523 3708 Ipse
545 3642 619 3688 cum
642 3623 723 3688 nihil
746 3623 832 3707 quod
856 3624 932 3688 satis
954 3624 1102 3688 videatur
1121 3623 1284 3707 probabile
1302 3643 1393 3708 repe·

269 3737 359 3818 riam,
382 3736 545 3800 inutilium
569 3738 825 3800 coniecturarum
848 3755 1019 3800 numerum
1044 3755 1160 3820 augere
1182 3737 1256 3801 nolo
1275 3742 1306 3802 ct
1324 3737 1392 3801 feli·

271 3849 348 3912 ciori
370 3849 499 3932 ingenio
521 3867 589 3912 rem
613 3850 783 3912 committo.

317 4071 358 4134 V.
382 4072 433 4134 49.
456 4067 545 4150 prosp}
568 4070 600 4134 δὲ
621 4074 682 4142 mir
704 4092 749 4142 τις
771 4067 904 4146 ιΞμύνΩν
927 4069 1013 4146 λιμὸν
1035 4069 1122 4144 αἰανῆ
1145 4068 1348 4134 τέταται.

317 4183 450 4268 Propter
480 4183 569 4247 verbi
598 4184 760 4247 notionem
792 4181 997 4266 expectabam
1028 4180 1177 4258 αμύνΕΙν,
1201 4185 1392 4252 tristem

271 4297 434 4361 famam
467 4315 629 4362 arcere
662 4295 857 4360 laborat.
889 4295 941 4359 Sic
970 4294 1158 4360 διατείνεσθαι
1182 4317 1256 4360 eum
1279 4297 1392 4362 Infini-

272 4411 338 4474 tiro
359 4411 514 4494 iungitur,
534 4429 600 4475 non
623 4429 697 4474 oum
719 4409 893 4494 participio,
916 4409 1095 4493 diciturque
1113 4408 1305 4474 trasebertus
1324 4409 1392 4490 πρός

272 4519 536 4594 mmmm
902 4520 906 4526 ’
