3626 5598
956 694 1000 756 44

417 879 485 940 asta
503 895 666 960 perperam
691 875 793 941 effecit
815 895 857 940 ex
876 876 1024 942 liberiore
1042 879 1113 942 eins
1132 859 1343 962 explicatione
1361 879 1537 958 εὐροοιρῖις

416 984 511 1068 εὕροις.
534 987 663 1072 Optime
682 990 747 1052 iam
770 987 846 1052 olim
869 988 1096 1074 Mosohopulus
1117 990 1319 1075 suppleverat
1339 989 1537 1066 lbv<rtv>

416 1095 511 1179 εὕροις.
544 1099 702 1164 Voculam
736 1101 981 1166 conditionalem
1012 1103 1135 1167 litterae
1167 1102 1390 1187 praecedentes
1419 1102 1536 1186 perfre-

417 1213 528 1297 quenti
551 1231 656 1278 errore
678 1212 907 1297 absorpserant

458 1444 498 1510 V.
523 1445 573 1510 at.
607 1450 712 1510 Μοῖσοι
731 1444 759 1510 δ’
782 1446 832 1510 οὐκ
854 1445 1014 1523 οὶοιοδοομεῒ

610 1553 765 1638 τρόποις
787 1555 839 1621 ἐπὶ
859 1555 1031 1638 σφετέροισι.

456 1668 559 1734 Nihili
592 1669 851 1751 est-bptrrorr,
884 1671 971 1754 quod
1002 1670 1118 1755 Bergk,
1147 1689 1204 1755 pro
1234 1668 1392 1751 δόρποιο
1416 1671 1536 1736 scilieet

414 1783 544 1866 dietum,
584 1788 696 1868 poetae
730 1783 878 1848 obtrudit
914 1782 1042 1850 Gonieoi
1076 1782 1227 1856 πότοις,
1260 1786 1330 1849 ie.
1365 1782 1536 1861 συμποσίοις
1568 1815 1576 1822 -

414 1895 529 1960 Pind.
553 1897 605 1960 23.

460 2114 499 2178 V.
524 2117 574 2181 39.
930 2118 1031 2196 παντᾷ
1053 2114 1086 2179 δὲ
1108 2113 1190 2195 χοροὶ
1213 2113 1356 2196 παρθένων

607 2231 696 2308 λυρᾶν
717 2251 751 2291 σε
774 2225 868 2304 Boni
891 2226 1073 2307 κοινοιχοιΙ
1092 2227 1121 2290 τ’
1145 2228 1242 2290 οὐλῶν
1266 2225 1415 2291 δονέονται.

459 2339 575 2406 Nescio
599 2361 639 2405 an
663 2341 794 2424 antiqua
818 2341 974 2423 scriptura
995 2347 1093 2403 BOAI
1113 2346 1301 2402 KANAXAI
1320 2341 1535 2423 potiusinter·

419 2452 573 2538 pretanda
594 2453 708 2519 fuisset
730 2452 804 2534 βοᾷ
826 2455 997 2533 aurumi.
1023 2452 1067 2515 uf.
1090 2452 1205 2516 Pind.
1226 2454 1268 2516 14
1287 2453 1328 2516 ad
1346 2451 1533 2534 Pytn140.

457 2672 551 2756 Pyth.
570 2672 622 2737 XI
641 2675 691 2738 24.
712 2671 794 2753 ἑσέριρ
809 2672 898 2752 λέχεϊ
912 2669 1048 2752 δοιριοοζ
1055 2669 1200 2750 ομένοιν
1218 2672 1533 2757 (Clytaemnestram).

457 2785 563 2870 Bergk
596 2788 631 2849 in
664 2786 710 2850 ed.
746 2785 797 2849 ΙΠ
831 2786 1011 2868 suspicatus
1046 2781 1366 2868 δοκοοιζοριέοοιι,
1399 2804 1466 2849 non
1495 2786 1534 2851 de

314 2967 316 2972 ,
413 2898 567 2982 Aegistho
602 2897 766 2980 adulterio,
800 2897 855 2961 sed
889 2897 928 2960 de
961 2896 1055 2960 furtis
1088 2896 1341 2980 Agamemnonis
1373 2899 1426 2981 agi
1448 2903 1533 2964 reete

413 3009 605 3092 observarat,
637 3029 697 3074 neo
726 3029 796 3074 eam
828 3011 1019 3075 sententiam
1040 3011 1075 3072 in
1099 3010 1145 3074 ed.
1170 3008 1218 3073 IV
1240 3014 1409 3074 retractare
1433 3009 1531 3074 debu-

412 3129 486 3188 erat.
516 3122 600 3187 Nam
623 3125 652 3187 si
674 3124 713 3188 de
736 3122 1004 3204 Clytaemnestrae
1025 3142 1099 3187 enm
1122 3123 1276 3207 Aegistho
1300 3124 1531 3189 consuetudine

413 3253 515 3300 sermo
550 3239 642 3312 esset,
677 3235 758 3299 nihil
793 3240 869 3316 erat,
901 3237 1022 3319 opinor,
1054 3254 1112 3299 eur
1141 3240 1233 3318 poeta
1264 3235 1392 3300 adderet
1424 3239 1531 3302 omnia

411 3347 467 3412 illa
489 3365 571 3430 quae
593 3347 707 3411 deinde
729 3347 769 3411 de
789 3348 967 3430 potentium
989 3346 1111 3410 invidia
1134 3346 1232 3426 dixit3
1258 3347 1425 3411 manifesto
1444 3350 1530 3412 onim

413 3478 450 3524 oa
482 3457 579 3523 verba
612 3477 676 3522 non
712 3459 878 3522 mulierem
912 3462 1062 3541 spectant,
1097 3458 1152 3522 sed
1185 3457 1344 3540 inclytum
1368 3478 1476 3543 regem
1499 3465 1531 3524 et

412 3571 488 3636 belli
529 3572 653 3636 ducem.
687 3570 802 3636 Verto:
825 3572 929 3636 ,hoe
963 3573 1082 3635 enim
1119 3573 1317 3651 (maritorum
1350 3571 1531 3655 infidelitas)

412 3683 648 3748 uxoribus
678 3682 941 3748 iuvenibus
974 3685 1170 3748 maxime
1199 3685 1408 3748 invisum
1435 3703 1531 3768 peo-

411 3801 560 3860 eatum
591 3801 682 3878 est,
712 3800 755 3860 et
783 3801 977 3879 proptor
1006 3795 1279 3879 linguarum
1309 3797 1529 3879 impoten-

410 3906 1528 3986 tiamdifficultereaseelatur3malodicienim

410 4021 558 4102 eires,
593 4018 830 4102 habetque
871 4039 1030 4102 magna
1070 4021 1288 4102 potentia
1327 4039 1415 4083 non
1457 4022 1528 4085 mi·

409 4151 563 4197 norem
605 4133 851 4215 invidiam,
892 4132 970 4196 sed
1012 4132 1265 4197 humiliter
1304 4134 1527 4200 viventes

408 4245 488 4308 vix
532 4245 990 4324 animadvertuntur.
1025 4243 1069 4308 Of.
1101 4243 1194 4328 Soph.
1224 4244 1275 4307 Ai
1308 4243 1455 4325 σρὸςγιὶρ
1478 4246 1527 4310 τὸν

409 4354 503 4436 ἔχονθ’
542 4353 556 4419 ὃ
590 4354 693 4435 ottone
727 4353 813 4436 ἐ’ρσει.
848 4357 898 4421 Ita
927 4357 1034 4423 looum
1066 4359 1094 4421 si
1123 4359 1378 4441 interpretamur,
1409 4360 1526 4441 optime

410 4468 504 4536 habet
525 4464 640 4547 ἔχθιςοο
658 4489 688 4531 v.
710 4468 762 4552 26,
779 4489 884 4553 nequo
904 4471 939 4534 in
951 4467 1069 4548 οἵχιςοο
1081 4470 1273 4534 mutandum
1285 4488 1360 4533 eum
1371 4468 1526 4535 Heehero.
