3626 5598
988 715 1030 778 34

486 897 589 963 Schol.
612 897 635 961 εἰ
656 895 812 978 ἕρεννντέον
835 895 886 961 κν)
910 896 1086 978 oporicen.
1109 897 1226 964 Dissen
1248 919 1348 980 „cum
1370 900 1464 963 etism
1482 897 1562 963 falso

441 1015 473 1074 et
506 1010 671 1074 mendacia
705 1011 829 1074 somnis
861 1011 934 1093 sint,
969 1017 1059 1094 roget
1089 1031 1166 1074 uum
1190 1011 1268 1075 haec
1290 1029 1341 1074 res
1364 1011 1435 1074 talis
1458 1011 1499 1074 sit
1522 1010 1561 1074 de

443 1144 507 1206 quo
526 1124 705 1188 accuratius
724 1124 951 1206 quaerendum,
972 1123 1018 1188 de
1041 1142 1119 1206 quo
1143 1123 1311 1188 consuli
1330 1127 1455 1207 quest
1473 1123 1561 1204 deus,

442 1235 521 1319 quid
553 1234 636 1299 facto
672 1255 752 1319 opus
786 1233 857 1299 sit.”
891 1233 988 1299 Haud
1017 1234 1085 1298 vidi
1109 1235 1228 1320 magis!
1253 1235 1318 1298 Our
1341 1253 1459 1317 quaeso
1481 1235 1560 1299 istae

441 1347 613 1432 ambages?
638 1345 758 1423 Quidni
780 1349 886 1411 statim
910 1349 1004 1412 deum
1027 1352 1126 1432 roget,
1150 1348 1228 1432 quid
1250 1347 1337 1412 factu
1359 1367 1440 1432 opus
1459 1349 1500 1410 sit
1520 1346 1560 1411 ad

440 1461 522 1524 iram
545 1461 676 1526 deorum
698 1461 873 1526 inferorum
895 1462 1090 1546 placandam.
1111 1461 1155 1525 ef.
1176 1461 1239 1526 159
1260 1459 1382 1524 δύννσννν
1394 1460 1421 1524 δ’
1433 1459 1560 1542 ἀφελεῖν

441 1574 558 1649 μᾶνιν
591 1571 766 1651 χθονίων.
800 1572 873 1637 Hoc
902 1593 978 1638 vero
1009 1575 1116 1660 ipsum
1138 1573 1254 1640 Peleus
1277 1593 1312 1638 se
1333 1573 1447 1638 fecisse
1470 1573 1561 1656 dixit,

440 1687 503 1750 nisi
522 1687 646 1770 egregie
667 1685 767 1750 fallor.
791 1685 965 1770 Scripserat
985 1687 1072 1751 enim
1095 1691 1204 1770 poeta:

921 1819 1134 1899 μεμάντευμαι
1156 1819 1183 1884 δ’
1207 1818 1257 1885 ἐπὶ
1281 1819 1430 1903 Rosam

629 1932 653 1996 ri
674 1932 960 1998 κμτάλλνικτόν
981 1955 1040 2007 rr,

441 2069 644 2153 numquid
667 2071 832 2154 expiari
854 2070 1010 2153 possit,
1032 2075 1088 2134 aut
1111 2070 1207 2135 etiam
1229 2069 1351 2134 lenius:

628 2203 1033 2283 cinnamomum,

441 2341 643 2425 numquid
671 2344 825 2406 mutari
856 2345 1000 2428 possit
1031 2342 1195 2408 Posterius
1225 2361 1313 2406 nnnc
1342 2342 1446 2408 laetus
1467 2343 1559 2408 video

440 2455 475 2517 in
504 2459 617 2539 quarta
639 2455 777 2520 editione
800 2457 903 2534 (tertia
927 2457 1012 2520 enim
1036 2457 1084 2520 uti
1108 2457 1205 2536 soleo)
1228 2457 1424 2540 propositum
1450 2476 1559 2522 essee

440 2565 586 2651 Bergkio‚
621 2568 677 2633 sed
710 2570 797 2653 prior
819 2571 970 2633 correctio
994 2570 1101 2633 nescio
1123 2569 1189 2633 fere
1212 2589 1253 2632 sn
1276 2569 1481 2653 praeferenda
1503 2571 1552 2635 sit.

441 2677 629 2744 Constanter
670 2679 822 2744 confundi
866 2702 885 2744 a
918 2681 1056 2745 librariis
1089 2686 1260 2765 utramque
1294 2683 1556 2767 praepositionem

440 2796 552 2856 notum
577 2797 633 2856 est.

483 2986 523 3052 V.
547 2988 620 3052 173.

528 3111 776 3186 αἰδεσθέντες
799 3111 937 3178 ἀλκάν.

528 3223 817 3304 ’Λμννισθέντες
839 3223 965 3296 ἀλκᾶς
989 3225 1039 3289 vel
1060 3217 1104 3297 ἵις
1128 3223 1370 3302 μνννσθέντες
1392 3223 1534 3297 cinric,

440 3368 539 3416 suae
561 3369 756 3415 memores
777 3351 974 3433 virtutis,
997 3349 1181 3435 suspicabar
1202 3349 1320 3415 Pind.
1344 3351 1394 3413 16.

482 3570 522 3636 V.
548 3571 620 3635 184.
654 3569 717 3634 τὸν
751 3567 790 3634 δὲ
823 3568 977 3647 repetitu
1011 3568 1123 3646 γλυκὺν
1156 3567 1307 3647 rigidiores
1341 3565 1425 3634 sdico
1447 3566 1555 3633 ἔνδνινεν

439 3681 519 3764 Ἥραν
541 3683 608 3755 vnde
630 3683 766 3764 Ἀργοῦς,
790 3681 833 3760 μή
858 3706 923 3747 riva
947 3721 989 3730 -
1012 3682 1094 3763 rapot
1116 3681 1208 3762 μνιτμὶ
1231 3681 1326 3760 μένειν
1345 3682 1405 3747 xri.
1427 3681 1552 3747 Heereo

437 3799 472 3862 in
495 3798 638 3880 articulo,
661 3799 792 3880 quirin
816 3799 1010 3882 praegressis
1034 3797 1178 3861 nondum
1200 3797 1316 3861 diserte
1339 3795 1553 3880 significatum

438 3917 486 3976 est
520 3911 720 3975 desiderium.
752 3908 857 3986 Quare
879 3910 952 3973 vide
974 3928 1081 3973 nonne
1099 3912 1236 3994 praestet
1258 3909 1454 3972 coniunctim
1479 3909 1555 3972 scri-

438 4023 527 4088 bere:
562 4020 685 4086 Τόνδε
716 4021 776 4085 xri.
809 4021 1020 4104 referendum,
1043 4025 1080 4085 ut
1102 4021 1190 4099 solet,
1213 4020 1254 4086 ad
1276 4021 1457 4104 sequentia:
1480 4021 1501 4084 i.
1524 4037 1550 4084 e.

436 4138 571 4200 τοσοῦτον
592 4171 635 4182 -
658 4131 714 4200 dre
738 4132 781 4211 μῗν
805 4133 865 4198 mi.

481 4355 520 4418 V.
543 4355 615 4420 199.
638 4351 817 4431 ἀμπνοὰν
840 4352 866 4417 δ’
889 4349 976 4434 ἥρωες
998 4351 1118 4422 isacar.

481 4467 590 4533 Placet
613 4466 751 4532 Coroesii
773 4467 891 4546 (lettres
912 4467 1057 4547 ineditos)
1082 4467 1263 4531 coniectura
1284 4461 1473 4542 ἄμπλονν.
