3626 5598
805 1674 1160 1739 ADDENDA.

886 1989 1079 1998 ——-———-—-

469 2227 521 2290 Ad
544 2247 613 2310 pag.
639 2228 667 2290 6.
689 2225 738 2290 De
762 2223 839 2309 ὄφρα
863 2229 948 2311 apud
971 2228 1147 2292 Pindarum
1170 2230 1420 2293 consentientem
1443 2228 1542 2292 habeo

426 2359 591 2404 rmnrrruu
614 2360 734 2419 wrenn,
757 2340 904 2425 Beitrdge
926 2361 985 2406 zur
1007 2341 1090 2406 Hist
1113 2341 1237 2422 Syntax
1258 2342 1313 2406 der
1333 2342 1385 2406 Gr.
1399 2342 1544 2426 Spraohe‚

426 2454 571 2537 herousg.
601 2473 630 2516 v.
658 2453 699 2517 M.
723 2453 845 2517 Sohanz
869 2453 910 2536 II,
936 2456 952 2517 l
977 2474 1046 2538 pag.
1072 2455 1121 2518 74.
1144 2454 1217 2518 Non
1240 2457 1341 2540 magis
1366 2456 1450 2540 opud
1473 2455 1545 2519 roli-

428 2585 509 2650 quos
531 2565 649 2646 lyricos
672 2568 868 2630 construitur
888 2587 961 2630 cum
984 2567 1101 2631 futuro.
1125 2566 1206 2631 Ibid.
1230 2587 1299 2651 pag.
1325 2568 1375 2630 76.

470 2752 522 2814 Ad
546 2750 670 2835 Olymp.
693 2751 744 2814 IX
768 2753 807 2814 77
821 2772 888 2835 sqq.
911 2750 976 2815 Pro
998 2757 1145 2836 suspecto
1168 2752 1265 2816 verbo
1288 2748 1456 2825 ταξιοῦσθαι
1482 2753 1544 2817 duo

427 2869 552 2927 tantum
575 2865 696 2948 reperio
719 2863 825 2946 verba,
849 2864 1029 2948 dequibus
1053 2864 1285 2929 substituendis
1308 2869 1408 2928 metro
1428 2866 1546 2948 pariter

428 2984 459 3041 et
489 2978 663 3041 sententiae
693 2979 774 3060 aptis
799 2978 929 3060 cogitari
950 2979 1058 3060 possit.
1082 2977 1229 3041 Alterum
1252 2983 1300 3041 est
1321 2977 1455 3041 verbum
1478 2977 1546 3040 Ho-

428 3091 582 3153 mericum
616 3088 872 3168 δαριαῖσθαι.
907 3088 980 3153 licet
1013 3090 1118 3172 unioo,
1152 3109 1215 3173 quo
1250 3090 1334 3173 apud
1369 3089 1545 3153 Pindarum

428 3205 591 3287 reperitur,
620 3199 689 3265 looo
713 3201 751 3265 N.
775 3200 826 3264 XI
850 3202 890 3263 26
916 3207 1063 3285 appareat
1085 3200 1186 3264 forma
1208 3202 1318 3283 activa,
1341 3202 1473 3266 alterum
1498 3207 1547 3266 est

429 3316 635 3386 δαϊῶσαι,
666 3313 807 3378 Homero
836 3315 912 3378 item
944 3315 988 3396 (in
1019 3313 1121 3378 formo
1143 3313 1262 3397 Ionica)
1286 3316 1449 3396 usitatum,
1471 3334 1546 3378 oum

428 3429 587 3493 Pindarus
610 3432 733 3491 tuntum
756 3432 890 3509 usurpet
912 3426 1104 3491 odieotivum
1127 3409 1205 3497 δαΐας
1228 3426 1266 3490 N.
1286 3426 1334 3489 [V
1355 3428 1405 3491 38.
1418 3426 1482 3489 VII
1496 3429 1545 3490 28.

430 3542 613 3624 Utrumque
647 3539 778 3605 verbum
815 3560 834 3603 a
865 3539 978 3603 tradita
1008 3541 1142 3604 lectione
1174 3559 1248 3604 oum
1270 3541 1367 3603 nimis
1389 3544 1547 3604 remotum

429 3656 479 3737 sit,
503 3653 719 3737 ampliandum
744 3671 865 3716 oenseo.
889 3689 931 3698 -
956 3651 1035 3716 Cum
1055 3652 1200 3735 analogia
1219 3652 1330 3716 saltem
1350 3671 1413 3736 non
1425 3672 1547 3736 pugno·

429 3774 478 3831 ret
498 3761 764 3838 ταξιαῖσθαι,
788 3763 959 3828 formatum
981 3770 1018 3828 ut
1041 3763 1196 3843 δαριαῖσδαα

472 3953 524 4015 Ad
551 3951 643 4032 Pyth.
666 3949 716 4013 III
741 3950 781 4012 56
794 3969 840 4032 sq.
865 3949 1016 4014 Similiter
1038 3949 1132 4015 Iones
1155 3950 1277 4015 abieoto
1298 3951 1546 4035 reduplicatione

428 4058 491 4128 αἴκα
515 4065 666 4127 dixerunt
688 4081 744 4146 pro
768 4059 854 4126 ἔακα.
880 4060 1018 4126 Omnino
1040 4064 1241 4127 retinendnm
1265 4062 1410 4127 ἁλωκότα.

474 4250 566 4331 Pyth.
589 4248 637 4311 [V
661 4249 710 4311 70.

563 4360 604 4425 τί
615 4385 628 4432 ς
652 4360 731 4440 γὰρ
754 4358 837 4439 ἀρχαὶ
859 4356 993 4433 'unitari
1017 4359 1177 4433 ναυτιλίας,

565 4474 609 4546 τίς
633 4471 663 4537 δὲ
686 4471 809 4544 κίνδυνος
832 4480 977 4553 κρατεραῖς
998 4471 1172 4551 ἀδάμαντος
1196 4472 1281 4548 δῆσεν
1304 4470 1401 4549 dmm
