3626 5598
836 720 878 782 23

326 903 450 988 Oiymp.
474 903 560 968 XIII
587 905 636 969 10.

458 1013 573 1095 Ὕβριν,
600 1016 685 1096 Κόρου
709 1014 825 1095 ματέρα
850 1015 863 1079 θ
871 1013 1105 1095 ρατύθυμον.

325 1131 405 1196 Pars
426 1131 582 1195 librorum
608 1129 871 1210 θρασύμυθον,
895 1131 948 1193 oui
971 1129 1099 1194 lectioni
1121 1132 1229 1194 nescio
1255 1131 1405 1194 anetiam

281 1246 384 1328 magis
412 1244 517 1308 faveat
545 1242 608 1307 loci
640 1247 818 1307 contextus.
849 1241 960 1306 Isthm.
991 1241 1042 1306 III
1073 1243 1114 1306 26
1147 1242 1265 1327 legitur
1289 1254 1402 1306 κελα-

281 1355 398 1420 δεννοὶ
421 1353 510 1436 ὕβρις.

321 1580 361 1644 V.
386 1580 459 1644 109.
483 1579 630 1644 Fortasse
653 1578 815 1643 Pindarus
839 1578 891 1641 hic
914 1582 946 1642 et
968 1576 1045 1641 aiibi
1070 1577 1250 1643 censendus
1274 1583 1322 1642 est
1344 1598 1401 1662 pro

279 1692 395 1772 Σικυών,
408 1712 583 1776 usurpasse
604 1692 740 1756 formam
763 1692 903 1755 nominis
923 1692 1180 1774 antiquissimam
1191 1689 1402 1758 Doriensibus

279 1805 428 1870 usitatm
463 1804 590 1876 Σεκυιθν,
622 1814 659 1869 ut
681 1804 764 1868 idem
785 1804 898 1888 procul
921 1804 1019 1868 dubio
1043 1802 1081 1867 0.
1103 1803 1185 1868 XIV
1208 1806 1229 1867 4
1253 1823 1310 1887 pro
1333 1803 1402 1884 Ὀρ-

278 1919 406 1996 χομενοῦ
441 1920 567 2001 scripsit
601 1916 793 1996 Ἐρχομενοῡ,
831 1918 918 2001 quod
950 1936 1036 1980 unus
1059 1917 1161 1980 codex
1185 1916 1331 1980 servavit.
1356 1915 1400 1979 ef.

277 2030 441 2095 Pindar.
466 2032 516 2094 14.
539 2029 683 2094 Eandem
707 2032 846 2096 nonnnis
870 2030 1004 2095 formam
1030 2028 1149 2114 ubique
1172 2031 1398 2115 poetaeredde.

322 2251 415 2333 Pyth.
438 2252 456 2314 I
480 2251 530 2314 16.
554 2250 669 2332 Τυφὼς
693 2249 1071 2331 ἑκατοντακάρανος·
1094 2248 1158 2315 τθν
1181 2273 1276 2314 ποτε

561 2362 685 2426 Κιλίκιον
710 2360 810 2442 θρέψεν
833 2361 1019 2438 πολυώνυμον
1043 2359 1150 2442 ἄντρον.

319 2475 481 2540 Naberum
512 2476 748 2561 imprudentem
771 2475 862 2538 video
885 2476 1036 2540 incidisse
1059 2476 1093 2538 in
1116 2476 1277 2558 laqueum,
1302 2495 1397 2560 quem

273 2589 353 2652 mihi
377 2607 440 2671 quo
463 2593 604 2672 tempore
626 2587 852 2651 Pindarico
877 2571 1051 2652 scribebam
1075 2588 1127 2650 hic
1145 2586 1235 2652 locus
1255 2590 1397 2672 tetendit,

274 2703 395 2785 quique
425 2719 525 2786 paene
548 2720 599 2765 me
623 2719 751 2784 quoque
774 2705 906 2783 ceperat.
930 2698 1013 2764 Nam
1037 2700 1158 2784 etipse
1181 2702 1394 2766 conieceram:

450 2815 565 2898 Τυφὼς
587 2811 939 2893 ἑκατογκεφάλοις·
964 2809 1103 2892 τόντερ
1126 2811 1221 2876 ντοτέ
1244 2813 1304 2878 κτὲ.

272 2928 337 3010 sed,
360 2932 530 3011 antequam
554 2947 624 2992 sero
649 2933 724 3008 erat,
744 2928 860 3010 scripta
871 2926 981 2990 delevi.
996 2924 1167 3008 Coeperam
1179 2928 1265 2991 enim
1277 2928 1394 3011 mirari,

274 3041 330 3123 qui
352 3039 422 3103 fieri
443 3041 582 3124 potuerit
603 3046 640 3104 ut
661 3039 810 3103 librarius
832 3058 889 3122 pro
912 3039 1090 3122 vulgatiora
1113 3038 1268 3102 vocabulo
1292 3041 1393 3124 magis

271 3153 430 3236 poeticum
455 3151 678 3232 substituerem
702 3171 779 3215 mox
801 3170 877 3216 vero
899 3151 995 3215 didici
1018 3150 1171 3220 mirificae
1182 3151 1303 3217 formae
1316 3155 1392 3218 satis

270 3268 420 3351 praesidii
441 3287 510 3333 esse
532 3270 568 3331 in
590 3287 668 3332 voce
691 3268 836 3333 similiter
856 3268 989 3331 formata
1012 3266 1260 3342 ἕκατονταΐετθς.

314 3380 417 3445 Nemo
441 3383 526 3445 enim
551 3401 665 3445 sanum
689 3399 758 3445 esse
780 3379 908 3464 negabit
926 3380 1032 3443 locum
1056 3379 1091 3443 P.
1113 3380 1161 3443 IV
1185 3383 1248 3444 282

447 3493 476 3554 ἕν
500 3491 532 3555 δὲ
554 3490 680 3568 βουλαῖς
703 3489 832 3571 τρέοβυρ
855 3490 1140 3555 ἑκατονταετεῖ
1159 3490 1256 3574 βιοτᾷ,

268 3607 326 3671 nbi
359 3605 554 3671 iacroafsrii'
579 3609 693 3690 corrigi
727 3609 846 3690 nequit,
877 3627 951 3671 oum
984 3609 1060 3691 quia
1083 3609 1131 3690 (ut
1153 3609 1277 3673 ostendi
1298 3608 1390 3673 Pin·

269 3720 348 3784 dar.
374 3721 404 3801 5)
428 3739 590 3803 nusquam
614 3720 697 3803 apud
718 3718 893 3784 Pindarum
914 3720 1074 3803 digamma
1086 3722 1274 3805 positionem
1287 3720 1389 3787 faeere

267 3835 403 3916 videtur,
426 3839 497 3898 tum
520 3834 606 3918 quod
626 3836 691 3898 iota
712 3833 820 3898 Dativi
843 3834 928 3918 apud
951 3834 1039 3898 hunc
1063 3839 1186 3918 poetam
1210 3854 1251 3898 ue
1269 3836 1303 3898 in
1325 3838 1388 3900 arsi

266 3947 395 4029 quidem
417 3946 611 4030 producitur.
1010 3946 1012 3950 ’

310 4057 476 4123 Praeterea
510 4061 635 4144 egregio
670 4061 816 4123 acuruine
846 4059 1014 4124 Hermann
1045 4062 1079 4124 in
1110 4062 1286 4146 fragmento
1311 4062 1386 4125 Pin-

268 4169 373 4232 darico
397 4172 448 4252 93,
470 4173 517 4234 sic
539 4172 620 4234 lecto
642 4171 727 4255 apud
749 4171 937 4237 Strabonem
960 4172 1045 4236 XHI
1069 4173 1150 4236 626:

442 4281 512 4344 ἀλλ’
536 4275 589 4352 οἷος
612 4279 747 4346 ἄτλατον
769 4281 881 4364 κεροὶιζε
904 4285 970 4348 θεῶν

443 4397 577 4473 Τυφῶνα
600 4395 1029 4476 πεντηκοντακέφαλον
1048 4396 1170 4482 οὶνοθγκοι
1190 4398 1261 4472 Ζεὺς
1287 4401 1384 4482 ττατνὶρ

442 4506 470 4568 ἐν
496 4504 625 4585 Ἀρίμοις
650 4505 730 4579 ιτοτέ,
