3626 5598
952 661 994 724 26

449 849 488 913 V.
513 850 563 913 60.
593 845 645 926 οἶμ’
670 845 761 936 ἔπειτ’
785 843 896 916 Αθτναο
920 843 1045 922 βασιλεῖ
1065 841 1162 924 φίλιον
1185 839 1406 922 ἐξεύρωμεν
1430 839 1526 920 θμνον.

450 963 576 1028 Nabero
599 962 701 1046 placet
723 957 972 1040 ἔξαρχομεν,
997 958 1034 1022 cl.
1056 955 1096 1020 N.
1119 955 1154 1020 Π
1173 963 1251 1021 extr.
1274 956 1363 1021 idem
1388 958 1422 1020 iu
1446 977 1528 1022 mar·

406 1077 481 1160 gine
511 1075 702 1159 exemplaris
732 1075 796 1138 mei
825 1071 949 1136 dudum
972 1075 1207 1152 annotaveram,
1229 1070 1343 1147 collato
1367 1075 1529 1154 praeterea

405 1189 444 1253 N.
467 1189 518 1252 111
542 1189 593 1270 10,
614 1188 671 1251 ubi
704 1189 750 1252 sic
772 1189 946 1270 usurpatur
968 1183 1103 1248 verbum
1126 1183 1270 1266 simplex.
1294 1182 1431 1266 Insuper
1452 1202 1527 1247 vero

406 1299 591 1366 dubitabam
613 1319 654 1363 an
678 1300 773 1364 etiam
792 1298 898 1363 leuius
919 1297 1035 1380 corrigi
1054 1299 1162 1380 posset
1179 1291 1393 1375 ε’ξοθρωμεν,
1414 1296 1527 1361 collato

362 1481 364 1486 ,
404 1414 501 1478 Axist.
524 1411 710 1496 Thesmoph.
733 1411 795 1478 981
817 1406 948 1490 ἔξαιρε
967 1407 1001 1480 δὴ
1021 1404 1171 1488 προθύμως
1184 1407 1290 1478 διπλῆν
1301 1403 1389 1487 χάριν
1399 1407 1524 1487 χορείας.

405 1525 595 1609 Saepissime
626 1526 712 1589 enim
742 1523 880 1588 librariis
912 1521 1095 1586 confudisse
1125 1501 1201 1586 det
1222 1503 1253 1586 εν
1273 1526 1403 1586 constat.
1424 1519 1526 1586 Nihil-

404 1639 532 1703 ominus
557 1636 716 1704 ecribeudi
740 1656 822 1702 usus
846 1637 948 1720 magis
972 1635 1173 1701 commendat
1195 1631 1377 1715 ἐξάρχωμεν.

448 1835 488 1899 V.
513 1836 563 1899 81.
587 1833 720 1914 καιρθν
743 1833 768 1898 εἷ
790 1830 944 1914 Φθένξαιο,
969 1833 1031 1898 xri.

450 1946 590 2011 Metrum
625 1947 762 2010 admittit
795 1945 862 2010 καθ
866 1945 907 2025 ρι’
939 1945 963 2023 εἰ
993 1942 1146 2025 Φθέγξαιο,
1178 1946 1235 2011 sed
1264 1944 1369 2026 καθριοο
1392 1953 1527 2014 nonest

407 2080 474 2124 vox
495 2059 672 2124 Pindarica
693 2059 790 2124 Recte
813 2059 991 2143 explicatur
1014 2057 1095 2122 κατὰ
1116 2057 1219 2139 καιρθν.
1240 2059 1285 2124 cl
1306 2059 1400 2145 Soph.
1420 2060 1471 2126 Ai.
1486 2063 1528 2126 34

409 2179 441 2240 et
464 2175 559 2239 1295.
582 2174 698 2239 Nescio
721 2175 820 2258 igitur
842 2193 883 2238 an
907 2195 935 2237 v.
960 2173 1000 2237 57

490 2297 492 2302 '
518 2280 555 2349 ὧν
578 2282 689 2366 ἔραται,
713 2285 808 2366 καιρὸν
831 2283 924 2357 διδούς

405 2401 533 2483 raetiae,
567 2399 669 2465 deleta
701 2401 835 2484 virgula,
869 2398 963 2479 καιρθν
997 2399 1220 2466 adverbialiter
1249 2402 1452 2485 accipiamuS,
1483 2422 1527 2484 eo

404 2517 605 2596 tempore,
629 2513 738 2608 quod
762 2513 842 2594 (deo)
866 2517 1147 2597 opportunum
1170 2513 1307 2578 visum
1330 2515 1419 2578 erit.

448 2696 541 2778 Pyth.
562 2696 596 2760 Π
620 2697 670 2759 26.
694 2695 805 2773 γλυκὺν
828 2696 919 2759 ἑλὼν
943 2695 1049 2774 βίοτον.

449 2808 574 2894 Optime
594 2809 702 2874 Nabar
723 2829 793 2894 pag.
819 2810 859 2874 36
885 2806 997 2888 ἔχων.

447 2993 487 3058 V.
511 2997 562 3059 28.
584 2993 737 3078 Legimus
761 2995 800 3059 de
822 2994 954 3060 Ixione:

736 3104 821 3171 ἄλλα
843 3129 882 3169 νιν
905 3103 987 3187 ὕβρις
1010 3107 1050 3178 εἷς
1073 3106 1228 3172 αὐθτοον
1251 3106 1437 3191 θπεροθφανον

515 3211 638 3299 ὦρσεν·
660 3217 749 3298 τοθχα
771 3218 803 3283 δὲ
825 3219 923 3282 παθὼν
946 3217 1045 3282 ἐοικότ’
1071 3220 1142 3300 ἀνήρ

515 3328 656 3413 ἐξαίρετον
677 3329 731 3411 ἔχε
754 3329 873 3410 μθχθον.
900 3331 939 3396 αἱ
962 3329 1010 3396 ato
1033 3332 1060 3397 δ’
1085 3333 1258 3411 ἀμπλακίαι

515 3443 663 3526 Φερέπονοι
685 3442 837 3508 τελέθοντι·
861 3445 893 3508 τὸ
917 3445 972 3522 μὲν
996 3441 1067 3525 ἥρως
1091 3443 1133 3510 ὅτι

515 3555 659 3637 ἐμφύλιον
682 3549 761 3634 αἷμα
784 3555 922 3636 πρθτιςος
945 3557 997 3621 οὐκ
1019 3555 1087 3637 ἄτερ
1111 3556 1223 3637 τέχνας
1246 3556 1369 3637 ἐπέμιξε
1390 3561 1523 3633 θνατοῖς,

515 3668 558 3734 θτι
579 3694 613 3733 τε
636 3669 1022 3748 μεγαλοκευθέεσσιν
1045 3667 1074 3733 ἔν
1098 3693 1170 3735 ποτε
1193 3672 1337 3749 θαλαμοῖς

517 3784 585 3856 Διὸς
609 3781 716 3848 ἄκοιτιν
740 3785 879 3863 ε’πειροῖτο.

447 3898 500 3962 Ex
533 3918 598 3962 usu
631 3897 721 3962 verbi
755 3890 840 3976 ὦρσεν
873 3897 950 3978 (non
980 3890 1065 3980 ὦσεν)
1097 3903 1225 3980 apparet
1248 3896 1365 3962 adalrao
1384 3899 1437 3963 hic
1460 3919 1525 3963 non

405 4011 592 4094 significare,
622 4015 659 4074 ut
689 4010 786 4094 vulgo
819 4011 980 4092 accipitur,
1003 4029 1169 4092 noxam,
1193 4011 1248 4074 sed
1272 4012 1430 4093 scelus,
1453 4011 1526 4076 fla·

402 4125 577 4207 gitium,
608 4124 780 4206 culpam.
806 4159 847 4169 —
871 4122 951 4187 Tum
974 4123 1120 4212 ,displicet
1143 4125 1298 4188 articulus
1321 4126 1368 4189 sic
1391 4145 1526 4209 usurpa*

403 4239 457 4300 tue
481 4236 519 4300 de
541 4255 576 4300 re
598 4235 741 4299 nondum
766 4241 1020 4318 commemorata,
1044 4238 1253 4319 nequeenim
1274 4237 1523 4320 sequentesub-

404 4349 541 4413 stantivo
575 4368 594 4412 a
627 4348 766 4412 Pindaro
802 4350 906 4432 potuit
941 4351 1089 4432 usurpari
1123 4369 1179 4432 pro
1214 4346 1309 4413 αἵδε.
1345 4348 1472 4414 0οηίοοί
1503 4342 1523 4429 ᾧ

405 4461 618 4543 (referendum
640 4462 680 4525 ad
703 4459 792 4546 ἁνήρ)
820 4458 868 4524 δύο
891 4461 922 4538 μ’
947 4459 1120 4538 οθμπλακθαι
1142 4461 1202 4524 κτὲ.
