3626 5598
966 732 1007 795 60

472 913 509 976 V.
535 915 585 976 54.
608 910 748 991 ιίρμιίτων
771 912 781 975 ί
792 935 817 974 π
827 935 852 974 π
862 935 876 976 ο
888 911 905 976 δ
915 937 930 992 ρ
941 912 956 976 ί
966 936 992 989 ρι
1003 936 1012 976 ι
1024 936 1065 977 ον
1086 914 1257 986 κελαδῆσαι.

471 1025 567 1090 Recte
592 1045 694 1109 nuper
716 1024 953 1091 Rauehenstein
976 1026 1288 1108 ἱπποδρομίαν.

471 1260 510 1324 V.
535 1261 585 1324 63.
610 1258 653 1324 Ἦ
684 1259 747 1338 aaa
778 1257 906 1324 πολλιίκι
937 1258 988 1324 καί
1018 1269 1077 1324 TO
1102 1258 1310 1339 σεσωποίριενον
1333 1259 1549 1336 εὐθυμίαν

673 1367 675 1374 ’
871 1371 874 1379 ’
1266 1371 1368 1459 [μείζω
1391 1372 1480 1452 Φέρει.

472 1485 564 1562 Quod
588 1487 723 1550 coniecit
744 1485 850 1551 Naber
872 1486 945 1549 εὐυ
957 1485 1110 1562 μυίαν,
1136 1507 1177 1552 ne
1199 1492 1270 1571 post
1293 1489 1395 1571 ipsius
1420 1487 1550 1569 quidem

427 1601 670 1684 explicationem
695 1601 774 1684 (pag.
798 1601 852 1679 42)
876 1600 952 1663 satis
975 1599 1132 1685 intellego.
1154 1599 1234 1664 Cum
1255 1601 1452 1685 mancsalis,
1465 1600 1551 1683 quod

427 1715 526 1794 aiunt,
550 1712 680 1776 Pindari
702 1710 800 1776 verba
822 1713 1005 1796 accipienda
1025 1732 1095 1777 esse
1114 1713 1194 1776 vidit
1211 1715 1275 1776 iam
1295 1711 1422 1795 Dissen,
1434 1713 1550 1776 nimias

430 1826 541 1892 laudes
575 1830 702 1909 propter
735 1825 901 1890 hominum
937 1826 1092 1889 invidiam
1124 1826 1290 1910 displicere
1320 1845 1463 1890 monens.
1487 1822 1549 1889 Sed

429 1939 537 2002 nescio
567 1943 674 2016 tamen
702 1958 743 2001 an
766 1943 858 2021 poeta
879 1936 986 2021 paullo
1010 1938 1127 2003 clarius
1151 1959 1242 2003 suam
1267 1943 1405 2003 mentem
1430 1937 1551 2022 signifi-

432 2052 552 2114 caverit
574 2048 758 2114 scribendo:

560 2160 689 2226 πολλιίκι
712 2161 764 2226 καί
782 2170 826 2226 TI
850 2160 1057 2239 σεσωπαμένον
1079 2162 1218 2240 εὐθυμίαν
1241 2161 1331 2242 μείζω
1355 2161 1442 2243 Φέρει.

473 2275 777 2359 Saepeetiam
797 2276 1549 2361 mrqumsilentiopraetermissum

430 2389 644 2452 maiorem
688 2387 835 2452 affert
875 2390 1250 2471 iucunditatem,
1294 2391 1313 2452 i.
1345 2408 1381 2469 e,
1415 2390 1442 2454 si
1484 2408 1550 2452 non

433 2501 540 2564 omnia
570 2500 609 2563 ad
643 2501 816 2564 satietatem
837 2506 1086 2583 'percensentun
1109 2502 1161 2565 Ad
1184 2503 1374 2566 sententiam
1398 2501 1435 2564 cf.
1458 2500 1498 2564 N.
1522 2500 1552 2561 V

434 2613 475 2674 15
488 2631 556 2695 sqq.

473 2835 583 2900 Isthm.
606 2835 640 2898 H
665 2836 705 2898 19
718 2855 786 2919 sqq.
809 2834 979 2900 Difficilem
1002 2835 1109 2900 lecum
1133 2841 1217 2900 recte
1240 2836 1440 2919 interpretari
1463 2835 1550 2899 vide·

429 2954 483 3013 tur
511 2949 649 3032 Mergeq
679 2950 743 3032 qni,
767 2948 824 3012 ubi
854 2950 899 3012 rei
922 2950 1146 3032 grammaticae
1168 2956 1224 3013 aut
1246 2949 1373 3012 inscitia
1397 2952 1453 3011 ant
1476 2967 1550 3010 con·

429 3066 552 3146 temptu
576 3081 640 3126 non
663 3063 827 3145 premitur,
851 3062 1020 3144 aliquoties
1042 3080 1155 3125 verum
1178 3061 1265 3124 vidit.

472 3284 512 3347 V.
536 3286 587 3348 25.
1097 3361 1101 3370 ι

564 3395 715 3476 'Arenata
738 3395 772 3460 σε’
795 3418 835 3459 νιν
855 3393 1026 3475 ιίσποίζοντο
1049 3398 1135 3476 φωνᾷ

562 3509 692 3591 χρυσέας
715 3512 743 3574 ἕν
768 3508 904 3588 γούνασιν
927 3508 1066 3572 πίτνοντα
1090 3507 1187 3579 Νίκας

563 3631 657 3700 γαῖαν
680 3620 739 3687 aaa
760 3621 915 3703 σφετέραν,
940 3622 1017 3685 τίον
1041 3621 1075 3693 tt
1100 3619 1243 3684 καλέοισιν
1266 3620 1436 3698 Ὀλυμπίου
1463 3621 1532 3692 Διίς

564 3735 665 3808 ίίλσος·
688 3735 748 3800 κτὲ.

476 3850 558 3927 Quia
591 3870 657 3914 non
691 3855 757 3914 tcta
790 3848 868 3931 Elis,
902 3850 958 3913 sed
993 3849 1060 3912 sela
1091 3846 1240 3932 Olympia
1270 3847 1435 3912 dicebatur
1464 3847 1551 3912 Iovis

431 3963 572 4048 Olympii
604 3964 708 4046 lucus,
739 3962 905 4026 manifesto
936 3963 1110 4045 requiritur
1139 3965 1191 4042 τᾷ
1223 3961 1322 4042 (ubi)
1346 3960 1380 4031 δίι
1405 3958 1548 4024 καλέοισιν

428 4076 489 4149 κτὲ,
524 4082 599 4140 noto
633 4081 797 4159 poetarum
829 4095 892 4139 usu
923 4074 1043 4138 dictum
1072 4093 1129 4157 pro
1159 4069 1229 4136 ὅπου
1252 4070 1297 4138 ε’ςί
1320 4072 1352 4136 τὸ
1375 4071 1547 4148 Ὀλυμπίου

430 4189 498 4261 Διὸς
523 4187 612 4261 ίιλσος
639 4186 868 4274 (καλούμενον).

471 4411 510 4474 V.
541 4413 593 4474 41.
623 4411 732 4476 Placet
760 4430 882 4495 nupera
903 4411 1142 4476 Wilamcwitzii
1171 4411 1352 4474 coniectura
1384 4406 1549 4488 ίίρειος

429 4543 487 4608 pro
510 4522 635 4604 θερείαις.
