3626 5598
791 683 832 745 15

297 872 426 956 Mezger
454 891 523 954 pag.
557 870 619 932 141
652 869 762 934 scribit
788 867 946 953 „Metope
969 869 1019 933 die
1041 867 1175 932 Tochter
1198 868 1254 932 des
1276 868 1376 931 Arca·

253 985 384 1048 dischen
411 983 609 1066 Flussgottes
631 981 750 1062 Ladon,
774 981 873 1045 heisst
902 982 953 1045 die
975 980 1124 1064 Nymphe
1146 982 1234 1045 eines
1257 979 1376 1064 gleich-

254 1099 420 1180 namigens
452 1095 600 1160 Wassers
629 1097 663 1158 in
693 1095 748 1158 der
770 1093 862 1158 N‘ahe
885 1114 949 1157 von
973 1094 1185 1180 Stymphalis3
1209 1095 1256 1157 sie
1278 1092 1376 1177 gabar

259 1210 332 1275 dem
354 1209 538 1274 bootischen
562 1208 688 1292 Asopos
712 1209 763 1272 die
774 1207 887 1274 Thebe.
899 1208 1015 1272 Hinter
1026 1204 1136 1271 ἔτικτεν
1148 1209 1190 1271 ist
1202 1208 1253 1271 ein
1266 1206 1374 1271 Punct

254 1343 296 1385 zu
331 1323 473 1404 macheu,
506 1326 563 1394 τοῖς
584 1347 625 1380 =
645 1319 769 1394 σσύσσς,
799 1342 841 1386 sc.
873 1320 1032 1394 Μέτωσης,
1063 1319 1169 1397 πίομαι
1203 1321 1282 1401 „ich
1312 1319 1378 1383 will

255 1433 403 1498 trinken”
427 1434 565 1498 namlich
589 1454 646 1497 um
671 1434 756 1497 mich
781 1435 882 1498 durch
905 1435 956 1498 ihr
979 1432 1109 1498 Wasser
1132 1432 1311 1517 begeistern
1334 1451 1376 1496 zu

254 1547 361 1612 lusson
380 1585 422 1593 -
435 1567 470 1611 so
483 1547 565 1610 auch
576 1546 735 1630 Hartung.
747 1545 811 1612 Der
824 1546 1102 1630 Zusammenhang
1114 1565 1177 1609 von
1188 1545 1228 1608 V.
1242 1545 1371 1608 82-87

255 1663 297 1724 ist
330 1661 509 1745 folgender:
541 1660 600 1724 Als
631 1661 684 1724 ein
715 1659 800 1724 Sohn
825 1660 882 1724 der
902 1659 1096 1724 ritteriichen
1117 1657 1223 1723 Thebe
1245 1657 1377 1742 besinge

255 1775 308 1837 ich
338 1792 436 1858 gerne
466 1773 678 1857 kriegerische
707 1772 858 1854 Menneu
891 1773 974 1836 dazn
1003 1772 1091 1836 fiihle
1120 1772 1173 1835 ich
1195 1772 1280 1835 mich
1301 1772 1380 1855 J'etzt

257 1886 333 1952 aber
358 1907 440 1972 ganz
463 1886 636 1951 besonders
659 1891 818 1971 angeregt‚
841 1907 891 1949 wo
913 1885 1038 1970 es-gibt
1061 1885 1155 1950 einen
1179 1885 1373 1969 sicgreichen
1498 1883 1501 1888 ’

257 2000 402 2065 Arkader
435 2021 477 2064 zu
514 2000 755 2082 verherrlichen,
789 1999 875 2063 deun
910 2000 993 2063 auch
1026 1998 1078 2062 ich
1109 1998 1165 2062 bin
1195 1999 1248 2062 ein
1270 1997 1381 2063 halber

257 2115 407 2197 Arcader,
430 2114 471 2177 da
492 2111 618 2196 Metope
641 2113 692 2176 die
714 2111 834 2176 Mutter
854 2111 911 2176 der
930 2110 1036 2176 Thebe
1058 2113 1093 2175 in
1113 2111 1317 2197 Stymphalos
1338 2132 1381 2176 zu

260 2228 360 2292 house
394 2228 446 2308 ist,
477 2245 519 2288 zu
546 2226 598 2288 ihr
626 2225 692 2288 will
721 2225 773 2288 ich
795 2225 879 2288 mich
904 2225 1018 2289 darum
1041 2224 1191 2310 hegeben‚
1215 2245 1272 2290 nm
1296 2225 1381 2289 mich

265 2360 328 2404 von
350 2340 453 2404 ihrem
475 2339 607 2404 Wasser
628 2339 807 2423 begeistern
829 2359 871 2402 zu
893 2338 1028 2404 lassen.'’

310 2452 399 2517 Haec
433 2451 570 2515 difficilis
602 2451 665 2515 loci
698 2453 923 2536 interpretatio,
956 2454 988 2515 in
1022 2472 1086 2535 quo
1121 2452 1318 2536 expediendo
1347 2457 1379 2517 et

263 2565 461 2630 emendando
492 2565 616 2629 multus
645 2570 694 2629 est
721 2565 830 2649 Bergk
852 2567 885 2628 in
909 2566 956 2630 ed.
980 2565 1036 2648 IV,
1058 2564 1184 2630 Nubere
1208 2566 1378 2630 evertenda

260 2678 373 2760 fueret,
408 2684 579 2761 antequam
613 2685 802 2762 proponeret
836 2680 1049 2743 coniecturam
1080 2699 1170 2742 suam
1194 2676 1314 2756 πίνομεν
1337 2715 1379 2726 --

263 2789 388 2854 πλέκειν.
424 2789 503 2854 Mihi
538 2791 577 2855 de
607 2791 668 2854 hoc
697 2791 765 2856 loco
796 2811 862 2855 non
885 2811 1015 2876 prorsus
1040 2791 1169 2874 quidem
1192 2773 1303 2875 liquet,
1328 2792 1384 2856 sed

264 2925 324 2970 nec
355 2925 489 2990 possum
520 2925 580 2970 nec
610 2906 682 2972 volo
711 2907 848 2972 refutare
871 2906 1065 2992 Mergerum
1089 2926 1186 2990 quem
1208 2907 1248 2971 de
1270 2908 1380 2974 Aenea

263 3019 302 3100 (v.
328 3019 383 3098 88)
406 3018 479 3082 vide
501 3039 569 3104 pag.
598 3021 659 3082 122
674 3040 720 3103 sq.

309 3240 348 3304 V.
374 3243 424 3305 78.
447 3240 644 3321 ἐδώρησαν
669 3243 735 3306 θεῶν
757 3239 878 3322 κάρυκα.

309 3352 449 3417 Metram
479 3353 618 3418 Pindaro
648 3355 849 3438 permittebat
878 3361 914 3421 ut
944 3355 1095 3422 scriberet
1124 3356 1386 3438 dispiceret,

264 3466 403 3530 admissa
434 3469 574 3547 syuinesi
603 3469 638 3531 in
660 3468 816 3532 vocabulo
840 3472 995 3553 sequenti,
1018 3472 1290 3554 quemadmodum
1313 3492 1380 3538 cor·

264 3583 387 3642 rectum
411 3585 459 3643 est
481 3581 516 3642 in
539 3580 647 3644 codice
669 3583 709 3662 A,
731 3586 763 3645 et
784 3581 902 3646 frustra
925 3603 1043 3666 quaero
1067 3604 1125 3648 cur
1148 3586 1208 3650 hoc
1229 3585 1299 3650 loeo
1318 3605 1385 3651 nou

266 3693 431 3775 scripsisse
466 3692 646 3757 censendus
680 3695 730 3775 sit,
766 3695 852 3778 quod
885 3698 1029 3761 omnium
1061 3717 1125 3762 usu
1154 3700 1268 3763 teritur
1291 3705 1322 3764 et
1344 3699 1384 3764 ab

264 3807 367 3890 ipsius
397 3825 543 3872 sermone
573 3825 636 3872 non
660 3807 814 3872 abhorret.
839 3808 876 3872 cf.
900 3808 935 3872 P.
960 3809 1011 3874 IX
1035 3811 1085 3874 57.
1110 3809 1145 3878 Ο.
1169 3811 1235 3874 VII
1260 3814 1287 3876 3.
1315 3811 1386 3876 Soio

267 3918 351 4001 apud
373 3918 551 3984 Hesiodum
575 3919 669 3984 hodie
690 3921 789 3985 semei
805 3921 869 4004 legi
887 3921 1022 3986 formam
1034 3923 1170 3990 achram
1182 3922 1261 4008 Opp.
1274 3925 1315 3988 81
1330 3943 1386 4010 sq,

267 4029 323 4093 sed
344 4029 435 4096 locus
457 4037 505 4098 est
527 4031 695 4097 manifesto
719 4034 860 4117 spurius.

311 4247 350 4313 V.
376 4251 427 4313 97.
450 4250 513 4314 Pro
536 4250 648 4331 opaea
671 4272 730 4317 cur
752 4256 859 4338 potius
882 4253 1001 4334 opaea
1024 4275 1099 4326 cum
1118 4256 1313 4343 Hermanno,
1331 4261 1384 4326 rel

265 4361 400 4426 fortasse
442 4364 536 4427 etiam
578 4364 693 4429 melius
728 4363 854 4445 θρσιύσι
889 4367 990 4451 legam
1026 4389 1123 4453 quam
1158 4369 1271 4450 iccirco
1305 4391 1379 4438 cum

267 4474 439 4559 Boechhio,
463 4476 531 4540 dixi
551 4475 707 4541 Pindar
732 4478 772 4542 10
785 4498 841 4562 sq,
865 4478 902 4544 cl.
924 4480 1034 4566 Eurip.
1058 4481 1151 4548 Herc.
1181 4484 1254 4548 776.
