3600 5594
967 701 1010 763 40

477 881 516 945 V.
540 883 591 946 81.
613 880 730 962 πέτροισι
752 881 778 945 δ’
803 879 930 959 ἔμπετες
956 880 1129 968 (ἔμπεσεςῖ
1150 885 1222 950 Vid.
1246 886 1287 950 ad
1308 885 1344 949 P.
1366 884 1401 949 Π
1423 886 1485 968 41).

620 992 791 1071 σωμάτεσσι
813 994 895 1058 κοινά
916 995 1050 1076 φρονέων·

620 1113 678 1178 τοῖς
701 1105 766 1171 οὔτε
788 1105 867 1179 νότος
889 1107 967 1185 όμῶς

620 1217 667 1282 ε’π’
691 1217 804 1290 άλπνὸς
826 1219 856 1283 ε’ν
878 1216 998 1283 Πνόιάδι
1020 1219 1108 1300 κρόόιρ,

621 1329 686 1394 οὐδὲ
710 1327 857 1407 μολόντων
879 1353 939 1412 ποιρ
963 1330 1066 1412 ματέρ’
1089 1334 1201 1412 άμφὶ
1232 1331 1327 1412 γε’λως
1349 1333 1462 1413 γλυκύς

620 1435 705 1522 ὦρσεν
726 1442 822 1523 χάριν.

477 1553 559 1630 Quia
593 1555 720 1619 nullum
754 1560 803 1620 est
836 1555 970 1620 verbum
1000 1554 1184 1637 άμφορνόνοιι
1213 1559 1361 1623 voculam
1390 1557 1479 1640 άμφό
1498 1561 1551 1625 hie

432 1666 620 1732 adverbium
643 1686 713 1732 esse
737 1673 882 1732 statuunt
903 1669 1098 1752 interpretes.
1120 1669 1194 1734 Nou
1215 1674 1326 1735 tuetur
1342 1672 1430 1736 hune
1451 1691 1550 1752 usum

431 1779 522 1844 locus
544 1779 582 1844 P.
606 1778 654 1843 IV
677 1781 718 1843 81

618 1891 641 1954 ά
648 1890 728 1972 μφὶ
751 1888 782 1955 δὲ
805 1889 960 1973 πορδοιλέρι
982 1890 1120 1968 ςέχεπο
1142 1891 1318 1972 φρόσσοντοις
1341 1892 1469 1976 ὄμβροις,

434 2005 509 2088 quia
542 2022 607 2068 non
639 2003 749 2068 dubito
781 2005 860 2086 quin
890 2001 1072 2084 άμφιςέγειν
1094 2023 1195 2088 aeque
1217 2011 1301 2071 reete
1325 2007 1388 2071 diei
1409 2011 1570 2092 potuerit.

432 2136 531 2200 quam
562 2113 729 2195 περιςέριειν.
752 2115 869 2180 Melius
891 2117 990 2200 igitur
1011 2115 1224 2182 adverbialem
1247 2138 1344 2182 usum
1367 2140 1425 2203 pre
1447 2119 1549 2202 άμφός

434 2229 552 2294 tuearis
587 2229 733 2312 analogia
768 2228 997 2292 vocabulorum
1030 2225 1184 2302 πολλάκις,
1218 2228 1361 2309 τετράκις,
1393 2233 1548 2296 similium

431 2343 577 2406 ultimam
606 2341 744 2405 litteram
772 2343 864 2405 metri
886 2360 982 2405 causa
1004 2341 1164 2405 interdum
1189 2342 1402 2408 abicientium.
1425 2344 1550 2409 Nihilo-

432 2457 539 2518 minus
563 2456 639 2538 quia
661 2454 690 2517 h.
714 2454 733 2516 l.
756 2472 822 2516 non
846 2455 1130 2535 circumstantium,
1150 2454 1206 2518 sed
1224 2458 1335 2519 matris
1348 2456 1451 2522 dulcis
1462 2459 1549 2522 risus

430 2567 633 2650 potissimum
666 2565 856 2649 cogitandus
884 2565 1019 2646 videtur,
1046 2564 1132 2628 haud
1163 2565 1299 2630 diffiteor
1320 2569 1474 2652 seriptum
1495 2589 1549 2636 me

432 2678 541 2742 malle:

621 2787 685 2853 οὐδὲ
707 2765 854 2866 μολόντων
877 2809 936 2867 ποορ
959 2785 1064 2868 ματέρ’
1087 2785 1131 2850 άν
1153 2792 1223 2868 σφι
1246 2785 1340 2866 γέλως
1361 2790 1475 2868 γλυκὺς

620 2896 712 2981 ὦρσε
735 2898 830 2981 χάριν.
1484 2894 1487 2900 “

429 3018 449 3080 i.
470 3035 495 3081 e.
519 3012 627 3095 άνῶρσέ
651 3018 707 3093 σφι
729 3012 827 3093 χάριν,
850 3011 1050 3096 gaudium
1071 3013 1126 3076 iis
1149 3014 1320 3078 excitat.
1341 3013 1499 3080 OiMX
1517 3018 1546 3080 8.

431 3127 597 3193 Structura
619 3124 766 3204 μολόντων
789 3163 831 3172 -
855 3129 911 3204 σφι
932 3125 1012 3188 nihil
1027 3131 1083 3190 ‘est
1105 3123 1191 3208 a'pud
1214 3124 1350 3190 Graecos
1372 3127 1545 3211 vulgatius.

430 3241 532 3305 Multo
564 3240 676 3304 durius
707 3242 799 3321 poeta
822 3235 857 3300 Ο.
880 3235 965 3299 ΧΠΙ
990 3237 1031 3300 14
1044 3257 1090 3320 sq.
1113 3237 1221 3300 iunxit
1242 3233 1337 3314 ὔμμιν
1360 3275 1402 3285 -
1426 3237 1545 3320 ὑπερελ·

429 3351 539 3416 όόντων.
564 3352 604 3416 In
625 3351 704 3435 ipsis
727 3347 935 3434 sequentibus
953 3348 1167 3432 pulcherrima
1186 3352 1234 3412 est
1251 3347 1381 3432 Bergkii
1393 3354 1544 3416 eorrectio

429 3464 510 3530 κοιπόι
539 3461 650 3544 λοιάροις
680 3465 800 3544 χορῶν
831 3463 898 3545 (pro
930 3460 957 3525 δ’
987 3460 1106 3545 ε’χόρων)
1130 3457 1248 3540 άπάοροι
1271 3461 1444 3536 πτάσσοντι,
1466 3485 1544 3541 σνμ-

429 3583 506 3660 φορᾷ
529 3572 711 3653 δεδαγμένοι.
737 3575 790 3639 Ad
813 3575 1002 3639 sententiam
1025 3573 1062 3636 cf.
1085 3574 1121 3636 fr.
1147 3573 1219 3635 229.

472 3799 512 3862 V.
537 3797 624 3861 92.ἕ
670 3794 696 3859 δ’
727 3793 815 3873 όλόγιρ
846 3792 955 3873 βροτῶν
985 3792 1017 3856 πό
1046 3792 1164 3873 τερπνόν
1185 3787 1319 3864 μάξετοιι·
1342 3789 1414 3857 οὕτω
1438 3794 1470 3858 δέ
1490 3793 1543 3859 ml

428 3916 527 3974 πιπνεῖ
553 3907 669 3988 χοιμοά,
702 3903 908 3985 άποτρόπιρ
932 3903 1070 3985 γνάμρι
1091 3901 1282 3978 σεσεισμένον.
1307 3903 1424 3970 Procul
1446 3906 1543 3972 dubio

427 4026 535 4088 verius
565 4021 695 4087 Boeclrh
726 4019 844 4103 aliique
872 4037 1064 4082 aversum
1095 4019 1277 4081 animum
1307 4017 1453 4084 tribuunt
1474 4019 1542 4086 Deo

425 4141 482 4200 aut
503 4135 673 4216 Fortunae,
696 4153 790 4216 quam
814 4131 942 4214 Merger
961 4131 1023 4214 ipsi
1040 4130 1168 4214 gaudie,
1184 4129 1343 4212 siquidem
1361 4131 1542 4208 σεσεισμένον

425 4247 592 4312 manifesto
623 4248 688 4309 vim
718 4245 837 4309 indicat
868 4243 1008 4326 aliquam
1032 4247 1204 4307 externam.
1229 4239 1435 4324 Comparatur
1456 4246 1540 4308 enim

424 4359 457 4424 τό
480 4360 595 4441 τερπνόν
617 4361 743 4445 plantae
764 4359 816 4423 vel
837 4357 918 4439 flori,
942 4359 1007 4440 qui,
1026 4361 1062 4421 ut
1081 4356 1224 4420 celeriter
1247 4355 1368 4430 crescit,
1387 4355 1539 4422 itavento

423 4492 603 4564 ¹concussus
634 4472 724 4536 brevi
754 4471 838 4535 cadit
869 4470 968 4534 humi.
991 4467 1125 4533 Planius
1150 4472 1256 4532 tamen
1278 4465 1392 4530 vellem
1414 4472 1540 4550 poetam

1793 2484 1797 2573 l

1793 3324 1797 3427 l
