3626 5598
959 636 1000 751 a

414 876 523 939 tuetur
544 871 651 956 Bergk
672 871 741 935 looo
761 870 933 954 Euripideo
953 871 1048 936 Hero.
1067 871 1141 935 463.
1161 872 1253 937 Adde
1271 873 1368 937 Arist.
1381 875 1444 937 Av.
1459 873 1532 936 569.

418 984 490 1047 163.
514 983 595 1049 (ium
619 985 647 1048 b.
671 985 690 1046 l.
713 983 750 1046 oi.
775 981 810 1046 Ο.
833 982 884 1046 XI
906 987 985 1066 extr,
1010 989 1041 1048 66
1062 984 1173 1068 fragm.
1200 987 1272 1048 239.

458 1097 497 1161 In
522 1097 641 1161 scholio
664 1097 795 1180 antiquo
817 1096 858 1159 ad
883 1096 995 1160 ultima
1019 1097 1131 1160 verba:
1156 1094 1248 1160 ὑστΙνο
1267 1102 1324 1168 τοῖς
1347 1095 1433 1160 ποσὶν
1455 1095 1535 1173 alad-

416 1231 495 1273 νεσοον
525 1208 567 1273 σοὶ
596 1210 651 1286 μὲν
677 1207 1020 1286 σνλλοοβομένν,
1045 1207 1086 1272 τὰ
1107 1208 1133 1271 δ’
1157 1207 1334 1285 ἀμύσσουσα
1357 1209 1448 1274 Ρ166.
1472 1209 1492 1272 1.
1517 1208 1537 1272 1.

417 1321 1227 1400 correxisdaassovps'ra‚sibicavens.
1303 1302 1308 1308 ³

460 1545 499 1608 V.
524 1545 574 1607 63.
599 1540 717 1624 ἔμπυρον
740 1547 1006 1623 χοολκοοιροῖν
1027 1544 1100 1607 dard
1125 1541 1274 1608 θοονόνσοον.

462 1658 569 1723 Naber
592 1678 660 1742 pag.
684 1659 726 1720 42
750 1658 885 1721 coniecit
908 1655 1252 1738 χολκοδρόπον,
1277 1659 1362 1741 quod
1385 1678 1450 1722 non
1475 1660 1538 1722 nisi

419 1777 561 1836 extrema
591 1775 720 1834 coactus
743 1771 931 1835 necessitate
954 1771 1116 1854 accipiam,
1140 1773 1293 1854 quoniam
1314 1771 1448 1835 formam
1472 1776 1536 1835 tam

419 1885 544 1968 proprie
579 1883 781 1947 Pindarioam
819 1903 916 1967 quam
946 1888 993 1947 est
1022 1881 1193 1963 χονλκνοέρονς
1217 1886 1350 1968 (praeter
1371 1884 1396 1947 Ι.
1420 1883 1463 1969 ill
1487 1884 1527 1966 (V
1528 1885 1538 1966 )

365 2062 370 2070 ,
420 1997 461 2059 41
493 1996 530 2060 61.
560 1993 698 2075 zarabos
729 1994 764 2059 Ρ.
787 1995 819 2057 V
842 1996 895 2077 35)
927 1997 1013 2059 haud
1035 1996 1127 2060 facile
1151 1998 1228 2060 vitio
1252 2004 1359 2061 natam
1383 2016 1452 2063 esse
1477 2017 1543 2061 ore-

421 2109 503 2172 dam.
526 2111 704 2193 Argutatur
726 2113 832 2172 autem
857 2127 907 2172 me
929 2109 1036 2171 iudice
1058 2114 1088 2172 66
1112 2111 1170 2172 vix
1192 2111 1274 2173 serio
1298 2111 1441 2193 loquitur
1463 2111 1541 2173 ami-

421 2241 488 2304 cus,
511 2222 567 2285 ubi
590 2222 699 2285 scribit
725 2241 832 2305 „nego
855 2240 972 2305 pueros
994 2220 1095 2285 fuisse
1118 2241 1189 2286 aere
1212 2228 1349 2286 armatos
1373 2223 1424 2287 vel
1449 2223 1538 2286 belli·

422 2355 521 2400 cosos.
545 2336 578 2400 Si
600 2335 746 2417 fuissent,
771 2335 929 2419 quomodo
949 2355 1002 2398 eos
1021 2326 1178 2399 Hercules
1198 2337 1353 2419 potuisset
1365 2336 1541 2419 superare?

422 2449 495 2530 Πρὸς
518 2450 590 2512 dard
614 2447 673 2512 οὐδ’
698 2447 879 2527 Ἡρακλῆς.”
902 2447 973 2511 Hoc
996 2453 1045 2512 est
1063 2448 1238 2532 proverbiis
1259 2447 1355 2511 abuti.
1367 2446 1448 2511 Nam
1463 2467 1539 2511 cum

421 2564 455 2626 in
478 2564 612 2626 vetustis
635 2561 752 2626 fabulis
775 2581 906 2645 prorsus
930 2561 1009 2624 nihil
1032 2561 1177 2625 mirabile
1201 2567 1257 2644 est,
1280 2567 1350 2625 tum
1370 2561 1543 2638 Herculem

422 2675 524 2740 multo
558 2675 705 2758 graviora
735 2676 865 2740 virium
883 2678 980 2756 atque
1002 2652 1125 2737 roboris
1149 2676 1323 2758 specimina
1346 2674 1482 2738 edidisse
1505 2675 1540 2737 in

423 2788 541 2871 vulgus
564 2792 677 2850 notum
701 2791 756 2850 est.
780 2785 873 2862 Quod
896 2792 1001 2851 autem
1022 2786 1191 2850 scholiasta
1210 2784 1542 2858 βννννοθοινοέτονς161666

424 2902 508 2980 dicit,
528 2901 603 2964 inde
626 2920 690 2964 non
718 2905 854 2984 apparet,
880 2906 914 2964 ut
937 2901 1079 2974 arbitror,
1103 2919 1177 2964 eum
1200 2901 1288 2964 aliud
1310 2901 1425 2984 legisse
1445 2921 1541 2985 quam

426 3016 512 3098 quod
547 3014 640 3078 bodie
667 3014 812 3098 legimus.
842 3013 906 3078 Res
936 3015 1102 3078 notissima
1133 3019 1199 3078 erat
1223 3014 1351 3078 Graecis
1375 3015 1543 3094 omnibus3

425 3134 456 3192 et
485 3128 639 3192 absurdas
661 3132 804 3192 veterum
829 3129 1109 3211 grammaticorum
1133 3125 1340 3211 etymologias
1364 3130 1392 3192 si
1415 3133 1543 3212 reputa·

426 3261 507 3323 mus,
529 3241 609 3304 nihil
635 3259 694 3304 nos
719 3245 804 3304 vetat
827 3241 990 3324 suspicari,
1014 3240 1214 3304 scholiastam
1238 3259 1348 3306 vocem
1371 3238 1543 3321 χολκνοὶροος

426 3354 585 3418 derivasse
608 3373 627 3416 a
649 3349 767 3430 χαλκός
791 3357 822 3416 et
843 3351 967 3432 ἐναίρειν.

472 3466 542 3550 Sed,
574 3472 647 3531 utut
677 3485 714 3530 ea
736 3485 786 3530 res
809 3485 843 3530 se
867 3466 968 3548 habet,
993 3466 1140 3550 equidem
1163 3467 1270 3531 nescio
1294 3487 1335 3529 an
1358 3468 1432 3549 pius
1455 3472 1547 3550 poeta

427 3580 487 3644 hoo
516 3580 594 3663 loco,
625 3579 682 3642 ubi
712 3580 751 3644 de
772 3579 873 3662 ipsius
898 3599 1027 3662 quoque
1049 3579 1207 3656 Herculis,
1230 3581 1338 3662 magni
1362 3579 1446 3663 apud
1468 3579 1547 3644 The-
1612 3609 1614 3614 ·

428 3693 528 3757 banos
550 3693 610 3774 dei,
633 3692 723 3756 cultu
747 3693 820 3775 agit,
842 3711 1014 3775 puerorum
1039 3692 1177 3773 eaedem,
1198 3691 1311 3755 furiosi
1330 3692 1428 3775 patris
1450 3712 1547 3756 manu

429 3812 591 3891 patratam,
623 3806 662 3869 de
689 3806 848 3869 industria
870 3805 976 3869 verbis
1000 3805 1160 3869 velaverit.
1184 3843 1227 3852 —
1251 3804 1329 3868 Mox
1351 3803 1548 3883 πλοκσῖζονσοο

430 3920 495 4001 (66)
515 3924 547 3984 66
563 3917 721 3991 muserdde
739 3919 803 3999 (69)
823 3938 879 4003 pro
900 3915 1073 3997 λνκσνῖονσοι
1093 3924 1125 3983 66
1144 3917 1291 3989 memora
1303 3918 1460 4003 palmares
1472 3924 1548 3982 sunt

430 4033 569 4099 Heolreri
590 4034 691 4096 nostri
714 4033 921 4096 coniecturae.

477 4257 587 4324 Istbm.
611 4254 641 4320 V
663 4254 732 4339 (IV)
756 4255 805 4318 12.

432 4370 482 4438 δύο
504 4369 535 4434 δέ
557 4392 601 4434 σοι
622 4366 701 4448 ζωᾶς
723 4366 814 4432 ἄωτον
836 4372 932 4445 μοῦνον
950 4367 1129 4445 ποιμαίνοντι
1148 4367 1196 4432 τὸν
1215 4364 1355 4435 trauca
1374 4368 1488 4433 εὐανθεῖ
1496 4368 1548 4432 σὺν

523 4480 550 4548 ei
569 4504 613 4554 τος
635 4473 667 4544 εὖ
689 4478 816 4558 σοέσχων
839 4479 924 4558 λόγον
947 4481 1029 4546 ἐσλὸν
1051 4477 1228 4559 οἰκούσῃ.
1448 4478 1551 4564 [dada
