3626 5598
944 692 984 752 52

442 872 482 936 V.
506 874 556 937 79.
578 870 629 938 aa)
652 872 793 954 λείριον
816 870 939 950 ἄνθεμον
958 873 1122 945 ποντίοις
1146 872 1325 952 θφελοῖο’
1348 871 1491 953 ἐέρσαις.

442 985 516 1050 Non
539 987 591 1070 agi
614 987 653 1050 de
675 988 760 1052 veris
783 987 870 1067 liliis,
894 987 949 1051 sed
973 987 1011 1052 de
1034 987 1150 1050 coralio
1174 986 1227 1068 (cl
1246 985 1372 1051 Scholia
1394 992 1426 1051 et
1444 984 1518 1050 Dis·

399 1099 465 1180 sen)
500 1098 702 1163 manifestum
740 1104 796 1164 est
831 1099 946 1164 Suavis
983 1104 1036 1164 est·
1063 1097 1251 1180 Friedrichs
1283 1118 1378 1183 quem
1409 1099 1518 1162 laudat

397 1210 525 1296 Mezger
561 1211 639 1292 „die
673 1211 766 1276 Muse
801 1233 853 1276 sm
888 1211 1120 1276 Meeresstrand
1133 1212 1164 1287 (ll
1199 1209 1302 1275 Lilien
1337 1209 1517 1295 pfitickend‚

397 1324 480 1387 noch
511 1323 637 1388 benetzt
665 1343 740 1388 vom
761 1324 852 1389 Thau
876 1325 931 1389 des
955 1324 1088 1407 Moeres,
1111 1324 1167 1388 das
1191 1325 1233 1388 ist
1255 1326 1307 1387 ein
1331 1323 1517 1387 iiberra-

398 1436 537 1500 schen
553 1436 629 1500 des
651 1435 755 1500 Bild.’'
779 1437 955 1501 Verissime
979 1437 1069 1519 dixit,
1093 1457 1167 1501 nam
1192 1436 1340 1500 mortales
1363 1454 1420 1520 pro
1441 1435 1516 1499 liliis

397 1546 443 1611 ibi
463 1550 627 1633 reperiunt
648 1549 771 1633 lapillos
795 1555 825 1614 et
847 1549 1021 1631 conchylio.

441 1746 480 1812 V.
505 1748 555 1811 71.
1023 1746 1160 1824 ὑπομνθον

485 1859 529 1938 μὶν
552 1858 648 1940 πέρμοο
671 1859 841 1940 προβᾶς
863 1858 958 1926 ἄκονθ’
983 1854 1037 1924 dre
1059 1858 1271 1943 χαλκοπάρᾳον
1296 1857 1374 1940 θροκι

485 1970 551 2036 θοᾶν
573 1975 721 2050 νλῶοσοον.

441 2083 538 2151 Recte
559 2085 666 2170 Bergk
689 2087 769 2151 vidit
787 2085 882 2166 τέρμκ
902 2107 966 2150 non
986 2086 1165 2170 significare
1177 2107 1319 2171 scopum,
1331 2088 1387 2152 sed
1398 2087 1515 2152 dream

401 2195 599 2288 (γραμμήν),
635 2219 699 2282 qua
732 2206 901 2265 arceantur
932 2201 1072 2264 iaculum
1097 2201 1236 2283 missuri,
1259 2221 1300 2266 ne
1322 2202 1453 2285 propius
1476 2201 1516 2264 ad

398 2329 531 2394 scopum
561 2313 720 2392 accedant,
745 2314 888 2378 sednon
913 2315 1083 2397 expedivit,
1107 2315 1185 2398 quid
1208 2314 1270 2378 sibi
1293 2316 1370 2378 velit
1391 2312 1514 2394 προβάς,

399 2424 484 2507 quod
519 2444 575 2508 pro
609 2424 740 2505 ὑπερβάς
775 2427 838 2490 dici
872 2429 1013 2510 potuisse
1044 2448 1221 2512 numquam
1246 2427 1381 2492 credam.
1404 2427 1515 2492 Unum

397 2540 523 2600 tantum
557 2537 690 2602 verbum
723 2539 776 2602 hie
807 2544 915 2622 aptum
947 2559 1017 2604 esse
1041 2541 1132 2604 video
1157 2544 1311 2621 περᾶν,
1337 2540 1393 2604 sed
1415 2540 1515 2604 fateor

401 2651 504 2733 prima
536 2649 616 2714 facie
650 2669 715 2714 non
749 2650 945 2715 lenissimam
977 2652 1080 2716 videri
1104 2654 1329 2717 correctionem
1353 2650 1397 2729 μθ
1420 2650 1516 2730 τέρμκ

397 2765 530 2842 περῶν
561 2759 656 2827 ἄκονθ’
680 2763 740 2827 κτὲ.
764 2763 983 2829 Nihilominus
1006 2766 1097 2830 facile
1118 2768 1165 2829 sic
1184 2766 1337 2849 explicari
1357 2770 1460 2849 potest
1479 2785 1517 2829 ea

397 2876 584 2959 corruptela,
615 2884 652 2940 ut
680 2897 846 2942 sumamus
878 2897 919 2942 ex
949 2859 1055 2942 ΠΕΡό
1089 2885 1201 2942 natum
1233 2898 1303 2944 esse
1332 2887 1412 2942 ΠΡΟ
1437 2884 1468 2943 et
1498 2898 1516 2941 a

397 2994 572 3054 correctore
594 2990 676 3054 male
700 2992 882 3075 suppletum
905 3010 975 3056 esse
998 2999 1168 3056 ΠΡΟΒΑΣ.

441 3186 480 3250 V.
506 3189 555 3252 90.

485 3301 525 3364 ἐν
548 3301 591 3366 τίν
613 3301 640 3364 κ’
662 3301 749 3366 ἐθέλον
776 3295 817 3386 (θ
841 3300 1013 3388 Ἡρᾶκλενς)
1040 3341 1081 3350 -
1105 3304 1239 3382 εὐτυχῶς
1262 3301 1291 3389 ss
1313 3302 1400 3367 νκθεον
1421 3301 1481 3366 κτὲ.

442 3413 535 3490 Quod
557 3417 736 3479 sexcenties
757 3417 880 3498 accidit
903 3417 955 3480 hic
978 3435 1107 3499 quoque
1129 3416 1247 3480 factum
1273 3435 1343 3481 esse
1362 3419 1515 3500 suspicor,

397 3529 558 3612 corrigens
580 3527 654 3591 σὺν
677 3527 721 3592 τθν
744 3528 772 3592 κ’
795 3527 883 3592 ἐθέλον
905 3529 964 3593 κπὲ.
991 3529 1035 3592 Of.
1059 3529 1161 3594 Schol.

441 3725 532 3792 Nem.
559 3725 641 3789 VIII
672 3727 700 3789 5.
723 3724 825 3790 Sohol
848 3727 1107 3808 ἐπικρατεῖν
1130 3730 1268 3813 explicat
1292 3748 1349 3813 per
1372 3729 1514 3792 ἐπιθο-

397 3846 516 3918 μεῖν,
541 3840 597 3904 sed
621 3839 857 3905 Grammaticus
880 3842 1005 3906 dedisse
1029 3842 1154 3906 videtur
1176 3842 1304 3906 ε’πντο
1316 3846 1429 3922 χεῖν.

441 4035 480 4099 V.
505 4037 555 4100 10.

484 4147 583 4222 ἤθελον
607 4147 673 4213 ael
682 4171 696 4211 ν
709 4171 752 4213 ον
775 4171 822 4226 γε
845 4148 968 4213 πείθεσθ’
992 4146 1118 4224 ἄνκξθοος
1140 4147 1261 4222 ἑκθντεο.

439 4262 502 4326 Hic
529 4263 628 4345 locus,
651 4262 708 4327 ubi
731 4269 768 4327 ut
790 4281 883 4347 saepe
905 4263 983 4327 alias
1006 4265 1121 4327 vocula
1144 4261 1179 4341 γὲ
1203 4266 1380 4349 emphatica
1403 4269 1436 4330 vi
1458 4287 1515 4351 po·

396 4377 484 4440 nitur
514 4381 585 4459 post
613 4394 788 4459 pronomen
822 4375 1116 4459 demonstrativum,
1138 4378 1226 4442 utilis
1256 4397 1326 4443 osse
1349 4385 1452 4463 potest
1475 4380 1515 4444 ad

395 4489 618 4573 corrigendum
643 4491 833 4552 Aaenrnconr
856 4489 963 4552 locum
986 4489 1023 4552 fr.
1046 4489 1094 4552 IV
1121 4490 1141 4552 4
