3626 5598
932 661 972 722 10

393 845 506 910 habam
530 843 683 929 Madvigii
702 848 915 910 coniecturam
928 843 1022 908 κείναν
1035 865 1091 929 pro
1103 844 1206 928 κεινοέν,
1218 848 1381 931 repudiato
1394 845 1510 926 ἔγχεος,

394 960 481 1043 qnod
501 979 558 1043 pro
581 959 610 1022 έν
633 957 717 1038 χερός
739 959 906 1022 infeliciter
929 958 1081 1022 substitui
1104 961 1200 1024 iussit
1221 960 1328 1045 Bergk
1347 967 1378 1025 et
1387 963 1466 1046 (pag.
1481 964 1511 1043 9)

394 1095 424 1135 v.
448 1074 488 1137 87
513 1070 637 1152 γαρύετε
660 1074 781 1136 conieci
803 1092 861 1156 pro
884 1069 1030 1152 γαρύετον.

436 1307 475 1369 V.
500 1307 551 1370 67.
574 1307 671 1390 Apud
694 1306 812 1370 inferos
835 1303 1001 1384 οὸπονέςερον
1021 1303 1100 1369 ἐσλοὶ
1113 1304 1243 1370 δέκονται
1255 1305 1361 1383 βίοτον·
1373 1308 1405 1371 οὐ
1418 1305 1512 1386 χθόνα

394 1417 661 1499 ταράσσοντες
685 1420 714 1483 έν
733 1417 818 1499 χερὸς
837 1419 926 1499 οὶκμρῖ
958 1417 1023 1481 οὐδὲ
1046 1416 1158 1482 πέντιον
1181 1415 1262 1499 ὅδαρ.
1275 1419 1432 1504 Equidem
1446 1441 1512 1485 non

393 1533 485 1596 video
520 1552 577 1596 our
611 1552 685 1596 oum
718 1530 843 1595 Nabero
877 1550 1068 1614 reponamus
1103 1528 1313 1615 χαροέοσοντες,
1347 1554 1422 1597 nam
1454 1553 1512 1618 pro

391 1644 592 1709 turbandi
623 1644 720 1708 verbo
755 1643 890 1708 militare
920 1644 999 1706 mihi
1030 1643 1156 1708 videtur
1184 1645 1212 1707 έν
1235 1645 1349 1724 χερὸς
1371 1645 1459 1726 οὶκμρῐ
1482 1652 1514 1711 et

392 1760 449 1841 qui
486 1759 657 1841 opponitur
690 1755 857 1835 οὶπονέςερος
894 1755 1057 1820 beatorum
1092 1755 1196 1833 βίοτος.
1233 1757 1349 1822 Melius
1379 1759 1513 1824 fortasse

394 1869 500 1953 Bergk
536 1874 697 1948 χαρασσειν
732 1869 897 1933 substituit
931 1869 965 1932 P.
1000 1868 1051 1931 XI
1084 1869 1125 1931 47
1161 1867 1273 1948 φανοέν,
1307 1869 1363 1932 ὑπ’
1393 1867 1513 1950 ὅιργνρον

391 1981 495 2048 ἄλλοτ’
519 1983 603 2065 ἄλλα
624 1980 886 2064 ταρασσέμεν,
911 1983 996 2065 quod
1018 1982 1063 2045 ibi
1086 2002 1163 2046 sane
1185 1982 1260 2046 ferri
1282 1985 1402 2066 nequit.

438 2207 477 2269 V.
504 2208 553 2270 70.

461 2317 575 2396 ἄνθεμα
599 2316 630 2382 δέ
653 2324 763 2398 χρυσοῦ
786 2318 904 2398 Φλέγει,

459 2429 500 2494 τέο
524 2431 579 2508 μὲν
601 2428 734 2511 χερσόθεν
757 2432 812 2494 ἀπ’
835 2432 958 2508 οὶγλαῶν
982 2428 1122 2511 δενδρέων,
1146 2427 1217 2511 ὕδωρ
1240 2430 1266 2494 δ’
1291 2428 1374 2494 ὅολλα
1398 2428 1510 2511 Φέρβει.

462 2540 614 2624 ὅρμοισι
637 2547 707 2606 τῶν
729 2542 853 2624 χέρας
876 2542 1071 2606 ἀναπλέκοντι
1095 2541 1146 2605 καὶ
1171 2541 1317 2623 ςεφοένοις.

438 2658 544 2741 Bergk
567 2659 742 2741 repudiatis
765 2658 918 2722 Boeokhii
941 2663 971 2722 et
994 2655 1146 2720 Karsteni
1168 2657 1359 2722 coniecturis
1371 2653 1511 2735 κεφαλάς
1545 2701 1547 2706 ·

393 2771 443 2834 vel
477 2768 640 2851 κροτάφους
673 2791 730 2854 pro
766 2768 913 2850 ςεφοένοις,
948 2771 1069 2833 nemini
1099 2770 1191 2834 facile
1221 2769 1423 2853 persuadebit
1446 2771 1515 2853 ipse

394 2886 571 2968 corrigens:

458 2993 587 3086 ὅρμοις
618 2997 632 3060 ε’
661 3000 732 3059 τῶν
762 2995 876 3077 χέρες
898 2994 1094 3059 ἀναπλέκοντι
1116 2993 1168 3058 καὶ
1193 2994 1340 3075 ςεΦοένοις,

395 3115 431 3174 ut
464 3107 558 3188 ὅρμοις
592 3115 622 3173 et
654 3107 791 3188 ςεφοένοις
823 3111 886 3173 sint
909 3086 1095 3173 Accuaativi
1117 3109 1247 3173 Aeolioi.
1268 3107 1350 3171 Nam
1375 3107 1514 3172 abiectae

394 3224 598 3300 consonantis
618 3223 860 3305 praepositionis
883 3223 914 3285 έκ
939 3223 1064 3285 nullum
1087 3223 1121 3284 in
1146 3221 1265 3285 Graeca
1275 3222 1364 3305 poesi
1376 3241 1514 3303 usquam

394 3337 564 3419 vestigium
587 3341 747 3419 repertum
771 3341 827 3417 est,
850 3354 954 3418 neque
975 3336 1010 3397 in
1034 3354 1071 3398 ea
1093 3336 1249 3418 scriptura
1266 3339 1374 3417 aptum
1387 3339 1515 3398 estvor-

394 3448 470 3512 burn
504 3451 715 3531 compositum
737 3445 922 3530 οὶκαπλέκειν,
946 3447 1031 3530 quod
1056 3453 1091 3510 nt
1114 3447 1233 3509 οὶναδεῖν
1257 3446 1296 3510 de
1319 3446 1515 3510 rodimiendo

395 3563 496 3646 capite
522 3563 671 3646 usurpari
694 3561 816 3626 assolet.
839 3561 956 3625 Melius
979 3561 1090 3625 saltem
1114 3562 1314 3624 coniecisset:

461 3671 593 3753 ὅρμοις
616 3678 691 3753 σφε
713 3677 782 3736 τῶν
804 3671 921 3753 χέρες
940 3671 1135 3736 οέναπλέκοντι
1155 3670 1214 3735 καὶΔ
1228 3669 1375 3754 ςεΦοένοις,

395 3788 538 3850 horum
572 3787 722 3851 florum
754 3789 884 3851 sertis
913 3792 951 3851 et
982 3787 1159 3850 corollis
1191 3805 1336 3849 manus
1371 3802 1516 3849 eosre·

395 3902 587 3965 dimiunt.
613 3899 693 3966 Onrn
713 3901 774 3964 hoo
796 3901 864 3964 loeo
889 3904 1097 3983 componatur
1121 3899 1156 3962 P.
1179 3897 1214 3960 X
1236 3899 1288 3960 40.

441 4125 480 4188 V.
506 4126 555 4188 95.
911 4120 982 4184 αλλ’
1006 4113 1082 4183 αἶνον
1105 4115 1204 4196 ἐπέβα
1226 4114 1303 4195 κὸρος
1357 4147 1359 4151 ·

584 4239 615 4302 οὐ
640 4237 706 4320 δι’κρι
728 4234 947 4312 συναντόμενος,
970 4233 1054 4298 οὶλλοὶ
1077 4231 1198 4313 μαργαν
1222 4231 1276 4293 ὑπ’
1301 4229 1417 4309 οένδρῶν,

583 4351 616 4414 τὸ
634 4355 808 4427 λαλαγῆσαι
831 4347 948 4412 θέλων
971 4346 1079 4427 κρύφον
1101 4369 1142 4409 τε
1165 4341 1279 4420 έέμεν
1302 4343 1392 4405 ἐσλῶν
1411 4347 1515 4412 καλοῖς

585 4459 683 4542 ἔργοις.
929 4465 933 4478 ’
