3626 5598
796 681 837 743 63

294 865 463 930 Manifesto
487 864 643 929 sententia
664 865 799 947 requirit
821 861 977 943 aneia,
1002 863 1089 947 quod
1111 865 1218 948 ipsum
1243 885 1283 932 ex
1303 867 1370 930 ood.

251 976 279 1039 B
303 979 443 1041 enotavit
465 976 581 1060 Bergk,
605 976 660 1040 sed
683 976 801 1040 iniuria
825 976 951 1059 sprevit.

285 1173 335 1236 ·V.
359 1174 411 1236 49.
678 1171 762 1244 πόλις
785 1169 910 1244 Αἴαντος
934 1173 1083 1252 ὀρθωθεῖσα
1107 1172 1227 1246 ναύταις

337 1287 366 1349 ἕν
391 1283 560 1366 πολυφθόρῳ
582 1283 727 1361 Σαλαμὶς
751 1285 819 1356 Διὸς
842 1283 942 1365 ὄμβρῳ

339 1397 502 1478 ἀναρίθμων
523 1397 630 1477 ἀνδρῶν
653 1394 843 1476 χαλαζάεντι
865 1395 987 1478 Φάνῳ.

294 1511 446 1596 Legimus
486 1511 510 1574 I.
546 1511 610 1574 VII
644 1512 685 1573 27
725 1507 785 1582 ete
819 1509 848 1572 ἐν
881 1510 980 1593 ταύτᾳ
1013 1510 1126 1594 νεφέλᾳ
1159 1510 1372 1593 χάλαζαν

251 1614 442 1701 minaret
476 1624 527 1704 πρὸ
561 1623 656 1704 Φίλας
690 1621 807 1704 πάτρας
841 1622 997 1699 ἀμύνεται.
1031 1624 1101 1701 Quo
1132 1627 1201 1690 Iooo
1233 1627 1373 1692 adhibito

252 1739 422 1822 suspiceris
442 1737 618 1804 Pindarum
638 1737 691 1800 hio
703 1737 828 1801 dedisse
840 1734 941 1817 ὄμβρῳ
953 1775 995 1783 -
1007 1735 1197 1817 χαλαζάεντι
1217 1736 1272 1818 <od
1282 1762 1371 1813 νου,

253 1856 405 1935 usurpato
434 1848 524 1931 Φόνου
547 1869 604 1934 pro
630 1845 766 1926 αἵματος,
790 1850 877 1933 quod
901 1869 993 1934 saepe
1015 1850 1159 1916 feceruut
1183 1853 1236 1916 alii
1260 1858 1371 1936 poetae

252 1971 283 2028 et
312 1966 380 2048 ipse
410 1969 518 2028 noster
547 1963 571 2026 I.
595 1962 677 2028 VIII
702 1963 753 2026 55.
776 1961 820 2025 cf.
843 1962 884 2026 ad
907 1962 945 2025 N.
968 1962 1051 2027 VIII
1074 1966 1125 2028 27.
1149 1963 1274 2030 'Iertins
1299 1985 1372 2030 eum

251 2077 303 2141 hio
325 2077 404 2142 loeis
427 2081 636 2160 componatur
660 2075 753 2160 Soph.
779 2075 814 2140 Ο.
837 2074 874 2138 Β.
899 2077 984 2139 1278

873 2188 944 2251 αλλ’
968 2188 1041 2265 ὁμοῦ
1065 2187 1162 2266 μέλας

442 2299 550 2379 ὄμβρος
573 2298 759 2380 χάλαζα
782 2301 805 2365 θ’
830 2301 1097 2378 αἱματοῦσσ’
1122 2303 1271 2382 ἕτέγνετο,

253 2421 288 2479 ut
316 2416 380 2499 legi
410 2415 490 2479 solet
519 2434 560 2480 ex
585 2414 720 2478 Porsoni
743 2415 963 2479 emendatione
986 2436 1042 2500 pro
1066 2414 1209 2496 χαλάζης
1232 2415 1371 2495 αἵματος.

252 2527 292 2590 In
327 2547 423 2592 versu
456 2547 640 2611 praegresso
671 2527 706 2608 (Ι.
737 2527 768 2587 V
796 2528 850 2607 48)
875 2547 938 2590 non
963 2529 1054 2592 video
1078 2549 1137 2593 our
1158 2531 1374 2613 praeferamus

254 2641 384 2724 Bergkii
426 2641 642 2704 coniecturam
685 2638 780 2724 vulgo
815 2644 973 2724 receptam
1007 2641 1273 2720 κελαρύσαν,
1310 2663 1374 2727 quo

256 2753 352 2818 verbo
376 2753 536 2818 Pindarus
559 2772 721 2836 nusquam
744 2772 825 2816 usus
848 2758 905 2834 est,
928 2753 1110 2818 lenissimae
1133 2755 1286 2819 Boeokhii
1307 2776 1375 2820 uor-

170 2877 174 2884 '
253 2868 387 2932 rectioni
417 2865 651 2930 κελαδέενν
684 2885 741 2950 pro
765 2865 977 2930 κελαδεῖν
1001 2869 1058 2946 (sio
1080 2867 1173 2949 libri),
1197 2871 1283 2952 quod
1305 2890 1375 2935 ver-

253 2979 332 3043 bum
365 2984 475 3062 poetae
512 2984 560 3043 est
594 2979 629 3042 in
663 2978 793 3060 deliciis,
829 2979 980 3062 quodque
1011 2999 1030 3042 a
1059 2979 1177 3044 futuris
1201 2981 1375 3047 editoribus

254 3098 439 3158 revocatum
461 3094 509 3156 ire
531 3111 623 3176 spero
646 3097 744 3176 atque
767 3091 900 3154 confido.

300 3278 337 3340 V.
362 3277 414 3341 57.
437 3275 495 3340 ote*
519 3271 621 3339 ὁπόσαν
645 3271 778 3339 δαπαναν
800 3272 931 3338 ἐλπίδων
953 3271 1085 3339 ἔκννσ’
1108 3273 1125 3339 ἔ
1135 3296 1216 3341 πνν.

299 3388 509 3454 Probabiliter
541 3387 777 3474 Rauchenstoin
811 3384 880 3461 ἕξέ
892 3409 1031 3452 πεσον.
1066 3387 1197 3453 Frustra
1221 3389 1376 3455 librorum

255 3505 444 3587 scripturam
469 3503 726 3585 interpretentur.

300 3689 339 3752 V.
364 3690 414 3753 63.
445 3685 497 3752 καὶ
521 3686 676 3767 πτερόεντα
700 3683 792 3749 νέον
814 3683 998 3764 σύμπεμψον
1021 3682 1118 3762 ὕμνον.
1142 3687 1216 3752 Non
1239 3691 1377 3754 otiosum

257 3803 413 3886 estquod
436 3802 563 3865 additur
588 3798 654 3862 νέον.
682 3798 717 3863 Ο.
744 3798 796 3862 ΙΧ
819 3801 861 3864 49

445 3910 516 3976 αἴνεε
539 3911 570 3976 δὲ
593 3911 719 3976 παλαιὸν
744 3910 799 3988 μὲν
823 3905 902 3982 οἶνον,
926 3907 1014 3974 ἄνθεα
1038 3911 1064 3974 δ’
1090 3909 1186 3990 ὕμνων

446 4023 592 4104 νεωτέρων.

217 4183 220 4189 ,
303 4137 481 4223 Suspioeris
513 4139 579 4204 iere
612 4137 775 4202 interdum
809 4135 940 4200 Pindari
971 4141 1072 4201 aetate
1101 4137 1221 4203 foetum
1244 4159 1323 4224 esse,
1345 4147 1382 4207 ut

258 4255 360 4318 vietor
383 4255 491 4317 minus
511 4251 686 4317 munificus
706 4252 838 4333 antiquo
859 4251 1007 4330 carmine,
1027 4255 1186 4333 quantum
1205 4271 1286 4336 opus
1298 4259 1382 4320 esset

257 4369 434 4449 Immotum,
457 4370 627 4431 contentus
649 4383 722 4429 esse
743 4363 877 4427 deberet

270 4537 273 4543 .
303 4479 402 4543 Poeta
425 4479 567 4542 GaIIIous
590 4495 720 4559 nunnus,
745 4476 933 4558 cognomine
953 4473 1121 4558 Pindarus²
1140 4476 1254 4557 hymni
1266 4480 1382 4543 cantati
