3626 5598
944 725 985 786 54

444 906 552 990 Vulgo
587 908 672 971 enim
706 907 788 971 mele
822 906 965 992 virginae
998 911 1164 990 ponuntur
1195 912 1267 992 post
1301 906 1359 972 θείν
1389 913 1420 973 et
1453 914 1524 994 post

399 1020 568 1092 παναλαθῆ,
603 1041 799 1105 quamquam
830 1019 1011 1098 κακόμαντιν
1040 1022 1091 1085 hio
1114 1021 1281 1086 manifesto
1305 1026 1353 1086 est
1376 1011 1547 1087 substan·⁸

399 1134 513 1215 tivum,
548 1133 658 1197 eodem
694 1134 789 1198 modo
820 1134 967 1198 iunctum
990 1153 1063 1197 oum
1087 1134 1258 1212 παναλαθῆ,
1279 1155 1342 1218 quo
1366 1132 1426 1206 θείς
1448 1155 1523 1199 oum

399 1245 559 1310 verbisne
586 1283 627 1292 -
651 1243 761 1322 ίμοίαν.

444 1477 483 1542 V.
506 1480 558 1542 44.
585 1484 684 1558 χρεῖαι
706 1477 737 1542 δὲ
759 1482 898 1541 παντοῖαι
921 1475 1016 1558 φίλων
1038 1477 1156 1558 ἀνδρῶν·
1179 1477 1220 1542 τθι
1242 1478 1298 1555 μὲν
1320 1477 1407 1559 ιίμφῖ
1431 1478 1524 1551 πίνοις

585 1590 767 1671 ὑπερώτατα·
783 1589 907 1668 ματεύει
924 1589 955 1654 δὲ
975 1587 1026 1654 καί
1046 1589 1146 1670 τέρψις
1165 1592 1194 1655 ε’ν
1214 1589 1370 1669 ίμμασι
1391 1590 1524 1657 θέσθαι

586 1727 678 1771 πιςον.
703 1726 763 1767 κτε.

446 1817 589 1902 Merger:
618 1819 700 1898 „Am
723 1819 877 1883 hochsten
900 1820 944 1884 ist
966 1839 1051 1882 zwar
1074 1819 1130 1882 der
1151 1818 1279 1884 Nutzen
1302 1820 1358 1884 der
1378 1819 1525 1885 Freunde

399 1933 434 1994 in
469 1931 525 1994 der
555 1931 641 1994 Noth
665 1969 706 1977 -
731 1931 806 1995 aber
828 1933 910 1995 auoh
933 1932 984 1996 die
1008 1931 1131 1996 Frende
1156 1932 1305 2016 begereht
1328 1952 1386 1996 vor
1407 1934 1523 2017 Augen

401 2065 443 2108 zu
476 2044 588 2109 stellen
624 2044 664 2125 (d.
683 2045 713 2106 h.
744 2065 786 2107 an
809 2044 870 2108 den
892 2044 958 2128 Τις
979 2045 1023 2108 nu
1045 2045 1148 2128 legen)
1174 2045 1224 2109 die
1245 2044 1347 2110 Treue
1373 2045 1524 2126 (nttmlioh

402 2159 458 2222 der
479 2157 667 2239 Freunde).”
692 2157 782 2221 Cadit
803 2159 837 2220 in
861 2159 970 2222 oeulos
995 2177 1092 2241 quam
1112 2163 1255 2221 contorta
1275 2160 1316 2222 sit
1338 2158 1523 2223 ultimorum

405 2270 574 2336 verborum
608 2272 832 2354 interpretatio.
868 2269 1031 2354 Oppositio
1064 2270 1206 2354 postulat
1244 2271 1345 2352 „aber
1368 2272 1450 2336 auoh
1472 2272 1522 2336 die

402 2383 525 2449 Frende
548 2384 679 2467 begehrt
702 2385 795 2448 einen
819 2389 932 2448 treuen
956 2383 1105 2465 (Freund)
1125 2403 1183 2447 vor
1200 2384 1316 2467 Augen
1334 2404 1377 2447 zu
1398 2383 1525 2450 seben.’'

405 2496 492 2560 Hinc
515 2498 622 2561 neseio
645 2516 686 2560 an
711 2516 776 2559 una
801 2497 940 2560 litterula
962 2501 1084 2560 mutata
1107 2497 1331 2580 corrigendum
1355 2499 1412 2561 sit:

592 2608 715 2687 ματεύει
739 2609 770 2673 δέ
793 2606 845 2673 καί
869 2608 970 2689 τέρψις
988 2609 1016 2672 έν
1040 2606 1192 2685 ίμμασ’
1217 2607 1370 2673 ἰδέσθαι
1391 2609 1523 2695 ίίπιςίν.

448 2836 487 2898 V.
511 2837 562 2899 46.
586 2839 652 2898 σεῦ
675 2834 706 2898 δὲ
729 2830 830 2916 πιίτρρι
854 2831 1013 2912 Χαριάδαις
1036 2856 1069 2896 τε
1091 2831 1238 2912 λαβρίν

592 2952 739 3029 ὑπερεῖσαι
761 2948 836 3012 λίθον
861 2953 1012 3012 Μουσαῖον
1035 2943 1117 3011 ἕκατι
1142 2945 1234 3011 ποδῶν
1257 2944 1407 3023 εὐωνύμων

594 3061 639 3134 δίς
662 3061 696 3134 δίς
722 3062 804 3126 δυοῖν.

451 3175 535 3251 Quid
567 3177 618 3239 hio
651 3176 713 3240 sibi
743 3176 820 3240 velit
851 3171 961 3254 λαβρθι
983 3192 1049 3236 non
1071 3177 1199 3256 exputo.
1221 3171 1310 3236 Mera
1333 3172 1418 3236 enim
1442 3190 1527 3235 oom-

405 3295 527 3354 menta·
547 3307 616 3352 esse
649 3287 789 3354 Dtesenii
819 3288 1110 3371 interpretationem
1144 3287 1283 3369 ingen
1298 3290 1385 3350 tem
1408 3285 1528 3349 colum-

404 3422 478 3464 nam
510 3406 541 3465 et
570 3400 709 3483 Mergeri
734 3401 808 3464 ein
843 3399 1167 3464 rausohendes
1191 3399 1236 3480 (t)
1260 3398 1526 3462 Musendeukmal

406 3533 499 3578 nemo
535 3533 633 3577 sanus
670 3511 835 3576 dubitabit.
868 3511 1072 3576 Vocabulum
1107 3511 1314 3595 depravatum
1347 3530 1416 3576 esse
1451 3512 1528 3575 satis

406 3631 537 3692 constat.
568 3627 734 3690 Pindar.
766 3627 817 3707 28,
841 3624 898 3690 ubi
920 3627 971 3709 egi
996 3625 1034 3690 de
1057 3627 1155 3688 totius
1178 3625 1240 3688 looi
1261 3625 1527 3708 interpretatione,
1584 3600 1585 3608 ί

406 3743 526 3806 conieci
556 3741 687 3819 λευρθν
711 3743 786 3819 (var.
807 3740 875 3803 leot.
900 3745 947 3803 est
969 3736 1084 3821 λαυρθν)
1109 3739 1146 3802 ol.
1170 3738 1246 3802 Eur.
1270 3737 1384 3802 Bacch.
1410 3740 1473 3801 982
1497 3743 1539 3818 et

403 3853 557 3938 Lycophr.
595 3854 667 3933 159,
701 3872 761 3916 nee
797 3852 890 3916 hodie
922 3853 1099 3935 quidquam
1131 3853 1236 3934 aptius
1267 3853 1397 3934 reperio.
1421 3850 1528 3934 Bergk

404 3967 537 4030 eonIeoit
559 3964 672 4045 βθθρον.
698 3964 741 4028 Cf.
766 3963 801 4028 Ο.
822 3964 906 4028 XIII
926 3966 956 4028 8.
971 4002 1013 4011 -
1029 3964 1167 4047 Insuper
1179 3964 1287 4028 malim
1308 3969 1352 4042 σῇ
1373 3961 1403 4025 δὲ
1415 3960 1524 4045 πνίπρρ.

447 4189 537 4255 Nem.
560 4186 612 4252 IX
635 4191 685 4251 22.
720 4187 768 4252 De
792 4188 920 4271 Argivis
942 4185 1064 4251 Thebas
1088 4185 1523 4270 oppugnantibussslegimus:

860 4299 997 4377 Ἰσμηνοῦ
1022 4298 1047 4362 δ’
1072 4299 1118 4362 ἐπ’
1143 4297 1259 4377 ὄχθαισι
1284 4298 1394 4375 γλυκὺν

599 4411 677 4479 νίςον
700 4410 943 4492 έρεισιίμενοι
966 4410 1126 4476 λευκανθέα
1145 4411 1264 4488 σώμασι
1281 4409 1389 4474 πίαναν
1406 4407 1527 4475 καπνθν·

596 4524 675 4590 ἑπτίι
697 4525 755 4605 γὰρ
777 4524 915 4589 δαίσαντο
937 4524 1026 4605 πυραί
1049 4523 1190 4601 νεογυίους
1212 4527 1326 4605 φῶτας.
