3626 5598
849 731 890 792 53

479 910 592 985 ταόικς
616 910 674 992 γόιρ
697 917 782 976 κεῖνοι
804 911 855 976 δα
867 911 879 976 ί
888 935 914 989 μ
925 935 938 977 ο
950 935 964 976 ν
976 937 991 976 ε
1003 936 1017 984 ς
1041 911 1096 977 εἰσί
1119 912 1236 993 μόχκς.

347 1027 611 1092 Emendendum:

481 1139 593 1214 ταύτης
618 1139 675 1220 γαρ
697 1138 786 1203 κεῖνοί
806 1140 838 1217 γ’
861 1136 1041 1218 αίμονες
1064 1137 1119 1203 elul
1144 1137 1254 1220 μόχκς

302 1253 339 1317 el
362 1253 450 1318 Iliad.
475 1261 499 1317 E
523 1256 566 1317 48

480 1365 546 1430 ‘silv
570 1365 601 1430 δὲ
622 1366 772 1446 Στροφίοιο
794 1365 1005 1446 Σκαμιίνδριον,
1029 1363 1195 1444 αίμονα
1217 1365 1300 1448 lione

478 1478 634 1559 Ἀτρεΐδας
656 1478 809 1551 Μενέλαος
832 1477 875 1543 ἕλ’
900 1477 990 1558 ἔγχεΐ
1010 1476 1143 1554 όξνόεντι.

346 1591 470 1669 Δαίμιιν
499 1594 584 1658 idem
615 1593 795 1677 significare
817 1611 910 1677 posse
934 1594 1021 1676 quod
1045 1591 1167 1670 δαήμονι
1191 1612 1261 1658 oras
1285 1595 1421 1659 credam.

343 1790 383 1853 V.
417 1792 465 1854 19.
500 1786 653 1863 ἐλελίξαις.
687 1790 732 1854 cf.
763 1790 798 1854 0.
830 1791 881 1854 IX
913 1792 953 1854 19
984 1797 1014 1856 et
1045 1791 1421 1856 P.14.llxhisloois

299 1910 428 1989 apparet
460 1907 522 1969 iam
558 1905 689 1970 Pindari
722 1910 822 1970 aetate
857 1906 941 1989 apud
975 1905 1154 1971 Homerum
1187 1907 1247 1970 hoo
1277 1905 1423 1983 verbum,

299 2037 356 2100 pro
391 2037 455 2100 quo
490 2016 615 2101 Dauos,
649 2016 755 2100 Cobet,
788 2017 911 2095 Nauck,
944 2019 998 2082 alii
1033 2020 1155 2102 ubique
1186 2020 1419 2084 restituendum

299 2134 504 2217 suspieentur
523 2131 681 2206 Fenlooov,
704 2134 821 2198 lectum
844 2133 953 2198 fuisse.

343 2330 382 2394 V.
407 2332 457 2394 21.
480 2327 551 2409 όψον
575 2327 618 2416 [δὲ
641 2329 732 2414 λόγοι]
756 2330 938 2411 φθονεροῖσιν.
999 2322 1002 2330 ’
1078 2413 1082 2420 ¹

341 2444 423 2509 Cum
458 2443 595 2509 Christio
630 2444 734 2526 verbu,
766 2463 848 2527 quae
871 2464 944 2527 pars
968 2444 1123 2509 librorum
1148 2447 1273 2528 omittit,
1296 2445 1417 2509 librarii

298 2556 553 2641 supplementum
590 2575 659 2621 esse
690 2562 776 2640 puto,
799 2561 831 2620 et
853 2556 939 2639 quod
963 2557 1130 2622 substituit
1151 2554 1223 2635 όψον
1245 2557 1418 2638 φθονεροῖσιν

297 2669 336 2734 δε
366 2671 520 2749 μόμφοι
551 2672 595 2734 ito
624 2669 732 2754 probo,
753 2675 791 2734 ut
813 2668 852 2733 δὲ
874 2653 1271 2754 μομφαίρτιιθιυίθτίω.
1295 2669 1419 2734 Deinde

297 2784 461 2847 verissIme
484 2783 610 2848 Heeker
632 2780 762 2863 ἐφίζει
786 2802 842 2866 pro
865 2779 945 2862 ε’ρίζ
952 2805 989 2845 ει.
1013 2782 1127 2846 Pind.
1153 2783 1193 2845 27
1219 2803 1265 2866 sq.

339 2979 378 3043 V.
403 2981 453 3043 27.
477 2977 556 3059 φόνῳ
579 2977 778 3043 σόλαισεν
801 2981 916 3062 (Aiax).
940 2979 1013 3044 Diei
1037 2982 1084 3045 sie
1103 2981 1216 3063 nequit
1235 2981 1273 3044 de
1294 2999 1340 3064 eo,
1360 2983 1417 3063 qui

294 3092 506 3156 voluntariam
536 3112 648 3157 necem
679 3091 740 3156 sibi
768 3092 870 3157 infert
896 3092 1025 3176 Corrigo
1045 3090 1123 3172 φόνῳ
1147 3091 1356 3171 ταλοίχόκ,
1380 3098 1417 3157 ut

294 3206 412 3289 legitur
433 3202 639 3269 ταλόσσεσίοιι
663 3200 780 3282 αἵματι,
804 3202 904 3286 λόίρῳ,
930 3201 1008 3285 ίδρῳ,
1031 3207 1100 3269 sim.
1121 3205 1204 3289 apud
1227 3204 1415 3269 Homerum.

296 3317 339 3382 Of.
361 3319 476 3384 Aesoh.
500 3319 583 3403 Sept.
607 3321 658 3384 48.
681 3317 774 3402 Soph.
799 3319 849 3381 Αἰ.
874 3321 925 3382 43.
948 3319 1107 3383 Pindarus
1130 3319 1155 3382 L
1179 3318 1261 3382 VIII
1285 3319 1336 3401 55,
1359 3318 1416 3383 ubi

293 3429 682 3512 odvuuthlestaluuu.
704 3434 833 3496 Anim.
858 3431 1206 3516 adIheogn.p.V2.
1230 3431 1414 3496 Pisone.

339 3617 375 3680 V.
400 3619 451 3699 33,
473 3615 585 3682 Deleta
607 3617 733 3701 virgula
755 3623 827 3701 post
849 3613 1015 3695 ὁμόφοιτος,
1040 3616 1160 3681 scribo:

469 3726 601 3806 αίμόλιιν
625 3727 721 3806 μόόοιν
744 3727 957 3807 ὁμόφοιτος
981 3726 1163 3808 δολοφρόδιρς
1186 3729 1247 3792 κτὲ.

289 3845 310 3906 i.
322 3863 349 3907 e.
372 3841 573 3922 συνοδοίτορος.
600 3842 644 3906 (if.
667 3841 760 3926 Soph.
775 3841 810 3906 Ο.
823 3842 859 3906 R.
874 3844 937 3906 202
963 3839 1122 3906 Μαινόδαν
1145 3840 1294 3918 όμόςολορ,
1319 3862 1412 3927 porro

292 3956 389 4036 φιλόρ,
423 3954 534 4035 ἐχθρός,
570 3953 749 4034 σύμμαχος,
784 3955 846 4019 elie
875 3974 958 4039 quae
981 3974 1024 4020 ex
1046 3955 1210 4020 adiectivis
1232 3954 1315 4018 fiunt
1338 3954 1413 4022 sub-

293 4070 436 4131 stantiva.
461 4069 575 4133 Pind.
598 4069 649 4132 l.l.

337 4179 488 4246 Similiter
519 4183 596 4246 olim
628 4183 920 4266 interpunctionem
951 4183 1075 4246 correxi
1108 4182 1193 4265 apud
1215 4180 1413 4262 Aeschylum

292 4292 376 4378 Sept.
402 4294 464 4356 720
489 4294 672 4359 scribendo:

218 4399 220 4402 ⁵
467 4405 596 4486 πέφρικα
618 4406 674 4471 τόιν
697 4406 854 4471 ὠλεσίοικον
878 4408 936 4472 όεόν
959 4408 990 4472 οίι
1014 4408 1085 4478 leole
1108 4406 1218 4484 όμοίαν,

468 4521 626 4593 παναλαθῆ
649 4518 840 4597 κακόμαντιν,
864 4520 973 4600 πατρὸς
996 4519 1135 4584 εὐκταίαν
1159 4518 1286 4600 Ἐρινῦν.
