3626 5598
941 687 984 748 28

479 867 517 932 ‘0
541 871 666 940 πλοῦτος
688 867 864 946 εὐρυσθενής,

478 977 548 1045 όταν
569 1002 613 1052 τις
636 980 727 1062 οίρετρῖ
750 981 923 1061 κεκραμένον
946 983 1060 1064 καόαρρῖ

477 1091 625 1172 βροτήσιος
647 1091 717 1172 όνόρρ
740 1091 855 1170 πότμου
878 1092 1055 1173 παραδόντος
1078 1095 1167 1159 αὐτόν
1189 1094 1289 1176 οίνοίρρ

478 1202 640 1284 πολύφιλον
662 1203 780 1269 ἑπέταν.

455 1315 596 1381 Similem
628 1317 768 1401 quidem,
800 1318 857 1382 sed
885 1318 994 1402 paullo
1017 1324 1125 1384 tamen
1147 1319 1315 1404 diversam,
1338 1325 1530 1388 sententiam

410 1436 503 1514 poeta
531 1450 583 1495 me
605 1431 711 1494 iudice
734 1431 764 1494 h.
787 1431 807 1494 l
831 1432 973 1516 pretulit,
996 1431 1138 1497 scribens
1163 1453 1228 1498 una
1248 1434 1355 1499 addita
1374 1435 1530 1500 litterula:

476 1544 509 1608 τὸ
531 1550 665 1608 πλουτεῖν
688 1543 720 1608 δὲ
742 1543 809 1609 σὺν
832 1543 941 1628 τείχρι
963 1543 1079 1623 πότμου
1100 1545 1209 1627 τοΦίας
1231 1546 1365 1625 <τ’>
1387 1546 1491 1630 ἄριςον.

409 1656 584 1722 divitem
604 1676 765 1722 esseorn
781 1657 981 1723 fortunae
999 1663 1038 1725 et
1057 1661 1295 1744 sapientiae
1315 1663 1532 1745 optimum,

409 1789 473 1853 qua
497 1770 670 1836 declararet
695 1772 852 1856 (sequitur
873 1772 960 1836 enim
981 1772 1025 1836 τὺ
1049 1771 1080 1836 δὲ
1103 1769 1193 1852 σόφου
1215 1795 1271 1835 νιν
1293 1769 1393 1858 ἔχεις)
1417 1773 1532 1839 Hiero·

408 1901 482 1947 nem
517 1903 583 1947 non
615 1883 762 1950 fortunae
797 1890 920 1949 tantum
954 1884 1116 1968 beneficio,
1146 1887 1201 1950 sed
1233 1887 1328 1951 etiam
1358 1889 1531 1972 sapientiae

408 2014 486 2060 suae
506 2000 537 2060 et
560 1997 671 2060 virtuti
694 2002 797 2061 tantm
822 2016 897 2080 opes
920 1996 1042 2061 debere.

452 2106 557 2173 Loeus
588 2109 711 2173 dudum
742 2116 903 2175 eorreetus
931 2111 1020 2192 foret,
1045 2113 1073 2175 si
1096 2103 1197 2175 critici
1219 2113 1452 2177 intellexissent
1474 2120 1530 2179 aut

408 2223 637 2305 meminissent,
658 2224 743 2307 apud
761 2224 938 2288 Pindarum
957 2223 1127 2288 formulam
1147 2223 1198 2286 riu
1211 2223 1295 2307 τόχρι
1308 2226 1423 2307 (rarius
1435 2223 1530 2308 τόχρ)

409 2334 587 2418 significare
618 2354 700 2419 ope.
729 2335 781 2401 Sic
811 2335 850 2400 N.
872 2336 921 2400 Vl
946 2325 988 2400 28
1011 2336 1063 2399 σὺν
1086 2337 1147 2400 θεοῦ
1171 2335 1254 2419 τόχρι
1281 2343 1329 2402 est
1351 2357 1425 2422 ope
1448 2339 1531 2422 dei,

408 2447 447 2511 N.
480 2447 529 2511 IV
564 2449 582 2512 7
618 2447 670 2512 σὺν
706 2449 835 2529 Χαρίτων
865 2447 950 2533 τόχρι
981 2450 1220 2522 Gratiarum
1251 2471 1342 2536 epe,
1370 2452 1409 2516 N.
1432 2452 1464 2516 V
1485 2454 1529 2517 48

409 2557 577 2640 Μενάνδρου
598 2559 650 2624 σὺν
674 2559 767 2644 τόχιρ,
793 2582 867 2646 ope
889 2562 1119 2627 Menandri.

452 2793 546 2876 ryn.
569 2793 621 2858 m
644 2795 695 2858 21.

475 2903 518 2975 ἔτι
541 2905 572 2970 δὲ
595 2910 692 2987 Φόλον
706 2907 743 2970 ,ἕν
765 2907 932 2988 όνόρόποιτι
956 2906 1168 2986 ματαιότατον,

472 3016 532 3090 όςις
555 3019 622 3083 αίτ
631 3017 759 3098 χόνοιν
781 3019 924 3100 ἐπιχώρια
942 3018 1107 3084 παπταίνει
1129 3019 1169 3085 τόι
1191 3019 1295 3100 πόρσω.

451 3131 637 3216 Legendum
670 3131 846 3211 αἰσχυνθείς,
877 3134 928 3198 vel
959 3133 1060 3197 multo
1089 3136 1197 3217 potius
1224 3131 1450 3213 ότχόλλων.
1474 3135 1528 3200 Ad

409 3246 627 3309 accusativum
650 3244 689 3310 ef.
713 3245 822 3328 Eurip.
847 3243 901 3312 Or.
926 3245 1000 3309 781.
1024 3245 1136 3309 Pind.
1161 3245 1211 3326 15.

453 3464 492 3529 V.
515 3467 567 3529 27.

475 3578 504 3641 ἐν
526 3578 553 3641 δ’
576 3576 633 3658 οόρα
655 3575 808 3658 μηλοδόκῳ
831 3578 940 3642 Πυθῶνι
961 3576 1081 3651 τότταις
1104 3577 1165 3643 όίιεν
1185 3581 1278 3644 ναοῦ
1300 3579 1443 3657 βασιλεὺς

475 3686 586 3764 Λοξίας
608 3691 668 3754 ari.

452 3803 663 3868 Probabiliter
690 3803 798 3868 Naber
828 3801 962 3868 Δόλου
994 3806 1129 3868 coniecit
1150 3825 1219 3888 pag.
1244 3805 1295 3869 36.
1318 3804 1408 3869 Idem
1431 3827 1460 3870 v,
1484 3806 1525 3869 41

407 3917 546 3980 mavult:
567 3914 660 3979 οὐκέτι
679 3913 830 3992 τλοίοομαι
849 3919 941 3996 ψυχᾷ
960 3914 1041 3992 γένος
1053 3915 1130 3992 οόμόν
1151 3913 1263 3981 όλὲοό
1273 3938 1309 3978 αι
1329 3936 1385 4000 pro
1397 3915 1525 3980 όλέοται.

407 4028 470 4092 Pro
505 4049 568 4112 qua
601 4031 749 4112 opinione
783 4029 892 4093 afferre
924 4030 1056 4094 fortasse
1085 4035 1230 4113 potuerat
1252 4035 1345 4093 vetus
1369 4031 1527 4094 scholium

407 4139 500 4206 οὐκέτι
524 4141 656 4218 ὑπομενῶ
679 4141 712 4206 τό
735 4141 804 4218 ἐμόν
824 4141 943 4222 σπέρμα
966 4141 1037 4205 ίδεῖν
1056 4139 1313 4218 συναπολλύμενον
1331 4148 1368 4220 τῇ
1382 4141 1524 4222 Κορωνίδι.

407 4253 579 4338 Vulgatam
603 4255 769 4318 lectionem
789 4275 854 4319 non
873 4255 1048 4338 defendam,
1070 4277 1133 4339 qua
1151 4257 1273 4319 ratione
1293 4255 1526 4338 quodammodo

409 4367 534 4431 defendi
564 4387 657 4451 posse
685 4369 754 4450 ipse
784 4369 833 4430 vir
864 4369 976 4433 doetus
1006 4360 1182 4450 (innitetur,
1206 4368 1262 4432 sed
1293 4369 1400 4452 petius
1423 4369 1468 4431 sie
1491 4375 1527 4432 ut

410 4480 514 4544 dinam
548 4480 730 4564 Apollinem
764 4499 799 4544 re
832 4500 908 4545 vera
940 4481 1094 4547 mittenda
1125 4499 1231 4546 sorore
1260 4479 1326 4544 filio
1348 4482 1384 4544 in
1405 4483 1527 4565 gremio
