3626 5598
964 709 1006 770 24

432 893 585 954 correxit:
622 891 745 970 Τυφῶν’
781 891 1151 972 ἑκατοντακάρανον
1182 894 1242 957 κτὲ.
1268 895 1409 959 adhibito
1432 895 1551 959 Iuliani

430 1004 628 1087 imperatoris
648 1005 775 1086 indicia,
800 1007 856 1087 qui
878 1005 978 1089 Epist.
1002 1005 1103 1069 XXII
1127 1009 1191 1070 395
1215 1008 1372 1073 scribens:
1397 1005 1413 1080 ἢ
1438 1005 1480 1071 θτι
1502 1008 1551 1071 τδν

431 1115 565 1194 γίγαντα
598 1117 646 1181 τὸν
681 1116 1016 1197 ἑκατοντακέφαλον
1045 1117 1086 1181 ἑνὶ
1118 1119 1256 1198 βλήματι
1279 1122 1412 1186 καθελεῖν
1435 1119 1550 1200 ἤρκεσεν

431 1230 518 1293 hunc
548 1230 654 1313 ipsum
688 1229 820 1293 Pindari
853 1231 958 1294 locum
990 1234 1169 1315 respexisse
1191 1233 1326 1297 videtur.
1350 1233 1421 1310 Qua
1445 1253 1551 1298 omen-

432 1343 558 1407 datione
589 1362 661 1406 oum
685 1348 716 1407 et
738 1343 877 1407 Pindaro
901 1351 1036 1409 metrum
1063 1351 1094 1409 et
1115 1345 1261 1430 Typhoni
1283 1347 1444 1430 legitimus
1468 1349 1551 1430 oapi-

432 1461 501 1520 tum
525 1475 681 1520 numerus
704 1458 899 1539 restituatur,
919 1459 1031 1521 merito
1050 1477 1118 1521 eam
1139 1459 1174 1521 in
1194 1459 1241 1522 ed.
1252 1459 1366 1523 IVtam
1376 1460 1550 1541 lyricorum

431 1571 549 1652 recepit
582 1569 749 1653 Bergkius.
783 1570 981 1634 Huiusmodi
1012 1572 1113 1654 igitur
1140 1571 1258 1634 formas
1288 1572 1361 1636 licet
1384 1573 1551 1656 explicare,

431 1690 515 1748 certe
537 1683 680 1768 probare,
700 1703 907 1767 nequeamus,
925 1686 1081 1768 patienter
1098 1687 1133 1748 in
1145 1684 1284 1750 Pindaro
1295 1685 1377 1750 ferre
1389 1686 1550 1750 debemus.

432 1796 516 1861 Fieri
538 1803 643 1860 autem
667 1802 772 1881 potest
794 1801 831 1861 ut
854 1797 1025 1880 aliquando
1049 1817 1090 1860 ex
1111 1797 1269 1862 Boeoticis
1290 1799 1391 1862 titulis
1404 1804 1553 1883 appareat

432 1929 484 1974 eas
508 1909 547 1973 ab
570 1910 625 1973 illa
649 1910 780 1974 dialecto
806 1911 925 1974 alienas
948 1930 1013 1973 non
1037 1930 1113 1975 esse.
1137 1911 1241 1975 Facile
1264 1912 1353 1976 nasci
1376 1909 1552 1995 potuerunt

431 2027 466 2088 in
490 2044 544 2089 ore
566 2026 677 2111 populi
699 2045 741 2089 ex
763 2025 842 2089 falsa
867 2025 1097 2089 vocabulorum
1120 2024 1408 2099 τεντακονταῖετθς,
1431 2025 1551 2101 ἐξακον-

432 2137 563 2214 ταρτετής
594 2138 812 2221 similiumque
846 2139 998 2222 analogia,
1023 2145 1059 2203 ut
1081 2160 1111 2202 v.
1124 2159 1148 2202 c.
1173 2140 1258 2223 apud
1281 2159 1392 2204 omnes
1415 2139 1552 2205 Graecos

432 2248 546 2328 μκΚέτι
569 2252 712 2315 fallacem
738 2252 827 2316 vocis
849 2250 941 2315 οὐκέτι
965 2253 1190 2337 etymologiam
1214 2258 1322 2326 secuta
1344 2259 1400 2318 est.
1422 2251 1552 2320 Nemini

432 2369 516 2427 certe
537 2365 590 2428 ius
614 2369 788 2428 estunam
811 2383 853 2428 ex
875 2365 925 2429 his
949 2365 1027 2429 locis
1050 2371 1182 2448 mutare,
1205 2367 1268 2429 nisi
1290 2367 1387 2430 simul
1410 2368 1550 2432 iudicare

432 2478 579 2560 potuerit,
604 2497 668 2560 quo
690 2482 781 2560 pacto
802 2477 1005 2560 prohabiliter
1025 2478 1158 2561 reliquis
1180 2497 1414 2543 succurramus

475 2710 514 2774 V.
551 2711 601 2774 26.
637 2710 871 2776 Correctionem
904 2711 974 2791 παρ’
1006 2707 1119 2774 Ξδθντιον
1147 2731 1206 2796 pro
1236 2712 1304 2791 παρ’
1335 2709 1445 2785 ε’θντοον,
1470 2733 1552 2798 quae

430 2824 541 2908 procul
577 2823 673 2888 dubio
709 2844 784 2888 vera
819 2829 875 2902 est,
907 2825 1030 2908 primus
1066 2825 1205 2908 repperit
1234 2823 1364 2908 Cossis,
1397 2826 1551 2890 lettres

431 2938 705 3022 ineditespag.
730 2939 781 3001 38.
804 2937 918 3002 Pind.
944 2937 994 3001 13.

475 3158 531 3223 Vs.
556 3160 607 3223 27.
631 3153 683 3223 οἷον
705 3156 816 3232 Αἴτνας
838 3160 868 3223 ἕν
891 3156 1207 3239 μελαμφύλλοις
1230 3157 1344 3222 δέδεται
1367 3163 1519 3238 κορυφαῖς.

476 3271 639 3338 Montibus
669 3275 840 3357 ignivomis
870 3293 937 3337 non
960 3279 1036 3337 sunt
1061 3269 1277 3352 μελαμφυλλοι
1299 3271 1439 3352 κορυφαῖς
1463 3293 1553 3357 prae·

431 3392 516 3452 terea
547 3407 621 3451 vero
651 3388 782 3464 Aetnae,
809 3387 954 3451 altissimi
978 3388 1105 3468 montis,
1128 3405 1280 3450 cacumen
1301 3391 1453 3470 perpetua
1476 3388 1550 3451 nivo

432 3506 550 3565 tectum
574 3507 629 3565 est.
653 3501 692 3564 V.
716 3503 757 3564 20
781 3499 907 3571 τανετὲς
929 3499 1025 3578 χιθνος
1049 3495 1143 3573 ὀξείας
1166 3499 1277 3573 τιθήνα.

476 3611 674 3698 Quapropter
696 3619 808 3699 poetae
830 3613 977 3678 reddam:

638 3720 691 3791 οἷον
714 3723 825 3798 Αἴτνας
847 3727 876 3789 ἐν
899 3723 1196 3805 μελαμφύλλου
1219 3723 1333 3790 δέδεται
1356 3731 1507 3806 κορυφαῖς.

433 3842 519 3925 quod
541 3842 666 3905 veritati
688 3859 820 3924 prorsus
845 3841 999 3922 congruit
1023 3837 1103 3914 oms
1122 3858 1187 3902 non
1205 3839 1364 3903 inaudivit
1381 3840 1420 3904 ds
1431 3841 1554 3904 Aetnae

433 3955 613 4018 castaneis?

475 4176 531 4239 Vs
555 4177 606 4239 40.
629 4174 839 4246 ἐθελήσαις
862 4176 961 4237 ταῦτα
984 4170 1023 4253 νθ4
1059 4171 1173 4250 τιθέμεν
1195 4172 1254 4236 κτέ.

477 4286 557 4351 Cum
580 4290 615 4350 in
638 4287 785 4371 precibus
808 4287 892 4371 apud
917 4285 1062 4369 Graecos,
1086 4292 1123 4350 ut
1145 4286 1229 4370 apud
1252 4284 1382 4350 Latinos
1404 4291 1435 4350 et
1454 4304 1553 4370 popu-

433 4401 481 4464 los
503 4400 568 4463 fore
590 4401 789 4480 recentiores,
814 4399 967 4463 sollemne
991 4400 1031 4462 sit
1053 4400 1102 4461 uti
1123 4400 1313 4481 imperativi,
1336 4419 1401 4462 non
1421 4399 1568 4481 optativi*

433 4513 572 4578 secunda
595 4532 740 4598 persona,
765 4513 875 4576 merito
898 4512 951 4574 hio
975 4516 1122 4594 expectes
1144 4509 1337 4583 ἐθέλητον.
