<?xml version="1.0" encoding="UTF-8"?>
<!DOCTYPE html PUBLIC "-//W3C//DTD XHTML 1.0 Transitional//EN"
    "http://www.w3.org/TR/xhtml1/DTD/xhtml1-transitional.dtd">
<html xmlns="http://www.w3.org/1999/xhtml" xml:lang="en" lang="en">
 <head>
  <title>
</title>
<meta http-equiv="Content-Type" content="text/html;charset=utf-8" />
  <meta name='ocr-system' content='tesseract 3.04.00' />
  <meta name='ocr-capabilities' content='ocr_page ocr_carea ocr_par ocr_line ocrx_word'/>
</head>
<body>
  <div class='ocr_page' id='page_1' title='image "./studiacriticaet00herwgoog_0065.png"; bbox 0 0 3626 5598; ppageno 0'>
   <div class='ocr_carea' id='block_1_1' title="bbox 964 727 1006 787">
    <p class='ocr_par' dir='ltr' id='par_1_1' title="bbox 964 727 1006 787">
     <span class='ocr_line' id='line_1_1' title="bbox 964 727 1006 787; baseline 0.024 -1"><span class='ocrx_word' id='word_1_1' title='bbox 964 727 1006 787; x_wconf 84' lang='lat'><strong><em>58</em></strong></span> 
     </span>
    </p>
   </div>
   <div class='ocr_carea' id='block_1_2' title="bbox 421 905 1542 1217">
    <p class='ocr_par' dir='ltr' id='par_1_2' title="bbox 421 905 1542 1217">
     <span class='ocr_line' id='line_1_2' title="bbox 466 905 1541 990; baseline 0.005 -20"><span class='ocrx_word' id='word_1_2' title='bbox 466 905 668 990; x_wconf 80' lang='lat' dir='ltr'>Corrigebam</span> <span class='ocrx_word' id='word_1_3' title='bbox 692 906 875 984; x_wconf 72' lang='grc' dir='ltr'><strong><em>λοιβοιῖς</em></strong></span> <span class='ocrx_word' id='word_1_4' title='bbox 905 907 1257 989; x_wconf 72' lang='grc' dir='ltr'><strong><em>όγοιπιιζόμενοι.</em></strong></span> <span class='ocrx_word' id='word_1_5' title='bbox 1279 909 1405 975; x_wconf 80' lang='lat' dir='ltr'>Pind.</span> <span class='ocrx_word' id='word_1_6' title='bbox 1427 910 1541 975; x_wconf 69' lang='lat' dir='ltr'><strong>30.OE</strong></span> 
     </span>
     <span class='ocr_line' id='line_1_3' title="bbox 422 1018 1542 1103; baseline 0.005 -22"><span class='ocrx_word' id='word_1_7' title='bbox 422 1018 457 1081; x_wconf 91' lang='lat' dir='ltr'><strong><em>P.</em></strong></span> <span class='ocrx_word' id='word_1_8' title='bbox 480 1018 528 1081; x_wconf 86' lang='lat' dir='ltr'><strong><em>IV</em></strong></span> <span class='ocrx_word' id='word_1_9' title='bbox 552 1020 615 1082; x_wconf 90' lang='grc'><strong><em>240</em></strong></span> <span class='ocrx_word' id='word_1_10' title='bbox 640 1018 795 1098; x_wconf 72' lang='grc' dir='ltr'><strong><em>μειλιχίοις</em></strong></span> <span class='ocrx_word' id='word_1_11' title='bbox 818 1041 852 1083; x_wconf 90' lang='grc' dir='ltr'><strong><em>τε</em></strong></span> <span class='ocrx_word' id='word_1_12' title='bbox 874 1019 971 1098; x_wconf 78' lang='grc' dir='ltr'><strong><em>λόγοις</em></strong></span> <span class='ocrx_word' id='word_1_13' title='bbox 994 1020 1193 1102; x_wconf 65' lang='grc' dir='ltr'><strong><em>ἀγαπάζοντ’.</em></strong></span> <span class='ocrx_word' id='word_1_14' title='bbox 1215 1022 1358 1088; x_wconf 79' lang='lat' dir='ltr'><strong>Verbum</strong></span> <span class='ocrx_word' id='word_1_15' title='bbox 1378 1021 1542 1103; x_wconf 77' lang='grc' dir='ltr'><strong><em>οίγόζεοίοιι</em></strong></span> 
     </span>
     <span class='ocr_line' id='line_1_4' title="bbox 421 1132 854 1217; baseline 0.005 -21"><span class='ocrx_word' id='word_1_16' title='bbox 421 1132 620 1217; x_wconf 77' lang='lat' dir='ltr'>relinquatur</span> <span class='ocrx_word' id='word_1_17' title='bbox 645 1132 854 1217; x_wconf 86' lang='lat' dir='ltr'>sequioribus.</span> 
     </span>
    </p>
   </div>
   <div class='ocr_carea' id='block_1_3' title="bbox 464 1365 1237 1560">
    <p class='ocr_par' dir='ltr' id='par_1_3' title="bbox 464 1365 1237 1560">
     <span class='ocr_line' id='line_1_5' title="bbox 464 1365 1237 1447; baseline 0.004 -17"><span class='ocrx_word' id='word_1_18' title='bbox 464 1365 575 1430; x_wconf 76' lang='lat' dir='ltr'><strong>Isthm.</strong></span> <span class='ocrx_word' id='word_1_19' title='bbox 596 1366 614 1430; x_wconf 93' lang='lat' dir='ltr'>I</span> <span class='ocrx_word' id='word_1_20' title='bbox 637 1368 665 1431; x_wconf 90' lang='lat'><strong><em>3.</em></strong></span> <span class='ocrx_word' id='word_1_21' title='bbox 799 1367 843 1443; x_wconf 75' lang='grc' dir='ltr'><strong><em>μό</em></strong></span> <span class='ocrx_word' id='word_1_22' title='bbox 867 1390 917 1444; x_wconf 91' lang='grc' dir='ltr'><strong><em>μοι</em></strong></span> <span class='ocrx_word' id='word_1_23' title='bbox 940 1367 1053 1447; x_wconf 84' lang='grc' dir='ltr'><strong><em>κρωνοοόι</em></strong></span> <span class='ocrx_word' id='word_1_24' title='bbox 1075 1366 1237 1446; x_wconf 86' lang='grc' dir='ltr'><strong><em>νεμεοοίοοιι</em></strong></span> 
     </span>
     <span class='ocr_line' id='line_1_6' title="bbox 488 1473 932 1560; baseline 0.002 -19"><span class='ocrx_word' id='word_1_25' title='bbox 488 1482 598 1551; x_wconf 72' lang='grc' dir='ltr'><strong><em>Δᾶλος,</em></strong></span> <span class='ocrx_word' id='word_1_26' title='bbox 622 1479 657 1550; x_wconf 88' lang='grc' dir='ltr'><strong><em>ἕν</em></strong></span> <span class='ocrx_word' id='word_1_27' title='bbox 681 1473 702 1560; x_wconf 73' lang='lat' dir='ltr'><strong><em>qi</em></strong></span> <span class='ocrx_word' id='word_1_28' title='bbox 723 1477 932 1558; x_wconf 75' lang='grc' dir='ltr'><strong><em>κέχυμαι.</em></strong></span> 
     </span>
    </p>
   </div>
   <div class='ocr_carea' id='block_1_4' title="bbox 420 1615 1544 1924">
    <p class='ocr_par' dir='ltr' id='par_1_4' title="bbox 420 1615 1544 1924">
     <span class='ocr_line' id='line_1_7' title="bbox 465 1615 1544 1701; baseline 0.001 -21"><span class='ocrx_word' id='word_1_29' title='bbox 465 1615 529 1692; x_wconf 81' lang='lat' dir='ltr'><strong><em>Qui</em></strong></span> <span class='ocrx_word' id='word_1_30' title='bbox 551 1618 610 1681; x_wconf 86' lang='lat' dir='ltr'>toti</span> <span class='ocrx_word' id='word_1_31' title='bbox 629 1617 727 1681; x_wconf 85' lang='lat' dir='ltr'>dediti</span> <span class='ocrx_word' id='word_1_32' title='bbox 750 1623 825 1682; x_wconf 88' lang='lat' dir='ltr'><strong>sunt</strong></span> <span class='ocrx_word' id='word_1_33' title='bbox 847 1618 944 1682; x_wconf 79' lang='lat' dir='ltr'>alicui</span> <span class='ocrx_word' id='word_1_34' title='bbox 966 1621 1021 1701; x_wconf 85' lang='lat' dir='ltr'>rei,</span> <span class='ocrx_word' id='word_1_35' title='bbox 1045 1619 1198 1683; x_wconf 85' lang='lat' dir='ltr'>dicuntur</span> <span class='ocrx_word' id='word_1_36' title='bbox 1219 1617 1363 1698; x_wconf 85' lang='grc' dir='ltr'><strong><em>κεχόοόοοι</em></strong></span> <span class='ocrx_word' id='word_1_37' title='bbox 1386 1616 1427 1691; x_wconf 75' lang='grc' dir='ltr'><strong><em>είς</em></strong></span> <span class='ocrx_word' id='word_1_38' title='bbox 1446 1642 1474 1683; x_wconf 89' lang='grc' dir='ltr'><strong><em>τι</em></strong></span> <span class='ocrx_word' id='word_1_39' title='bbox 1493 1618 1544 1684; x_wconf 87' lang='lat' dir='ltr'><strong><em>vel</em></strong></span> 
     </span>
     <span class='ocr_line' id='line_1_8' title="bbox 420 1727 1543 1814; baseline 0.005 -24"><span class='ocrx_word' id='word_1_40' title='bbox 420 1727 488 1807; x_wconf 78' lang='grc' dir='ltr'><strong><em>πρός</em></strong></span> <span class='ocrx_word' id='word_1_41' title='bbox 523 1751 561 1792; x_wconf 90' lang='grc' dir='ltr'><strong><em>τι.</em></strong></span> <span class='ocrx_word' id='word_1_42' title='bbox 597 1727 702 1806; x_wconf 80' lang='lat' dir='ltr'><strong>Quare</strong></span> <span class='ocrx_word' id='word_1_43' title='bbox 730 1729 818 1814; x_wconf 85' lang='lat' dir='ltr'>lego:</span> <span class='ocrx_word' id='word_1_44' title='bbox 851 1730 892 1793; x_wconf 85' lang='grc' dir='ltr'><strong><em>ἕν</em></strong></span> <span class='ocrx_word' id='word_1_45' title='bbox 917 1727 1196 1810; x_wconf 82' lang='grc' dir='ltr'><strong><em>όινκέχνμοιι.</em></strong></span> <span class='ocrx_word' id='word_1_46' title='bbox 1227 1731 1270 1795; x_wconf 84' lang='lat' dir='ltr'><strong><em>uf.</em></strong></span> <span class='ocrx_word' id='word_1_47' title='bbox 1293 1732 1331 1796; x_wconf 91' lang='lat' dir='ltr'><strong><em>fr.</em></strong></span> <span class='ocrx_word' id='word_1_48' title='bbox 1356 1733 1395 1794; x_wconf 89' lang='lat'><strong><em>51</em></strong></span> <span class='ocrx_word' id='word_1_49' title='bbox 1420 1733 1488 1796; x_wconf 63' lang='lat' dir='ltr'><strong><em>inis</em></strong></span> <span class='ocrx_word' id='word_1_50' title='bbox 1512 1736 1543 1796; x_wconf 82' lang='lat' dir='ltr'><strong><em>et</em></strong></span> 
     </span>
     <span class='ocr_line' id='line_1_9' title="bbox 421 1841 1347 1924; baseline 0.003 -20"><span class='ocrx_word' id='word_1_51' title='bbox 421 1860 503 1924; x_wconf 85' lang='lat' dir='ltr'><strong>quas</strong></span> <span class='ocrx_word' id='word_1_52' title='bbox 525 1843 676 1906; x_wconf 81' lang='lat' dir='ltr'><strong>annotavi</strong></span> <span class='ocrx_word' id='word_1_53' title='bbox 698 1843 737 1906; x_wconf 84' lang='lat' dir='ltr'><strong><em>ad</em></strong></span> <span class='ocrx_word' id='word_1_54' title='bbox 761 1842 797 1907; x_wconf 94' lang='lat' dir='ltr'><strong><em>P.</em></strong></span> <span class='ocrx_word' id='word_1_55' title='bbox 817 1841 866 1906; x_wconf 86' lang='lat' dir='ltr'><strong><em>IV</em></strong></span> <span class='ocrx_word' id='word_1_56' title='bbox 890 1844 952 1907; x_wconf 84' lang='grc'><strong><em>127</em></strong></span> <span class='ocrx_word' id='word_1_57' title='bbox 978 1849 1009 1908; x_wconf 81' lang='lat' dir='ltr'><strong><em>el</em></strong></span> <span class='ocrx_word' id='word_1_58' title='bbox 1030 1843 1113 1908; x_wconf 83' lang='lat' dir='ltr'>VIII</span> <span class='ocrx_word' id='word_1_59' title='bbox 1138 1845 1190 1908; x_wconf 87' lang='grc'><strong><em>69.</em></strong></span> <span class='ocrx_word' id='word_1_60' title='bbox 1215 1844 1347 1909; x_wconf 88' lang='lat' dir='ltr'>Ibidem.</span> 
     </span>
    </p>
   </div>
   <div class='ocr_carea' id='block_1_5' title="bbox 418 2072 1541 3324">
    <p class='ocr_par' dir='ltr' id='par_1_5' title="bbox 462 2072 577 2136">
     <span class='ocr_line' id='line_1_10' title="bbox 462 2072 577 2136; baseline 0.009 -1"><span class='ocrx_word' id='word_1_61' title='bbox 462 2072 501 2135; x_wconf 81' lang='lat' dir='ltr'><strong><em>V.</em></strong></span> <span class='ocrx_word' id='word_1_62' title='bbox 527 2074 577 2136; x_wconf 88' lang='grc'><strong><em>14.</em></strong></span> 
     </span>
    </p>

    <p class='ocr_par' dir='ltr' id='par_1_6' title="bbox 484 2184 1538 2270">
     <span class='ocr_line' id='line_1_11' title="bbox 484 2184 1538 2270; baseline 0.005 -23"><span class='ocrx_word' id='word_1_63' title='bbox 484 2184 556 2248; x_wconf 69' lang='grc' dir='ltr'><strong><em>ἀλλ’</em></strong></span> <span class='ocrx_word' id='word_1_64' title='bbox 578 2186 635 2263; x_wconf 74' lang='grc' dir='ltr'><strong><em>ἐγὼ</em></strong></span> <span class='ocrx_word' id='word_1_65' title='bbox 660 2185 799 2267; x_wconf 76' lang='grc' dir='ltr'><strong><em>Ἡροδότῳ</em></strong></span> <span class='ocrx_word' id='word_1_66' title='bbox 821 2185 935 2268; x_wconf 80' lang='grc' dir='ltr'><strong><em>τεύχων</em></strong></span> <span class='ocrx_word' id='word_1_67' title='bbox 959 2197 1114 2254; x_wconf 87' lang='grc' dir='ltr'>ΤΟΜΕΝ</span> <span class='ocrx_word' id='word_1_68' title='bbox 1138 2187 1251 2270; x_wconf 86' lang='grc' dir='ltr'><strong><em>όίρμοιτι</em></strong></span> <span class='ocrx_word' id='word_1_69' title='bbox 1275 2188 1418 2269; x_wconf 89' lang='grc' dir='ltr'><strong><em>τείρίππῳ</em></strong></span> <span class='ocrx_word' id='word_1_70' title='bbox 1441 2187 1538 2269; x_wconf 72' lang='grc' dir='ltr'><strong><em>γέρως,</em></strong></span> 
     </span>
    </p>

    <p class='ocr_par' dir='ltr' id='par_1_7' title="bbox 483 2297 1295 2382">
     <span class='ocr_line' id='line_1_12' title="bbox 483 2297 1295 2382; baseline 0.007 -21"><span class='ocrx_word' id='word_1_71' title='bbox 483 2297 585 2361; x_wconf 82' lang='grc' dir='ltr'><strong><em>οὶνίοο</em></strong></span> <span class='ocrx_word' id='word_1_72' title='bbox 606 2298 634 2361; x_wconf 87' lang='grc' dir='ltr'><strong><em>τ’</em></strong></span> <span class='ocrx_word' id='word_1_73' title='bbox 659 2299 826 2379; x_wconf 69' lang='grc' dir='ltr'><strong><em>ἀλλοτρίοις</em></strong></span> <span class='ocrx_word' id='word_1_74' title='bbox 847 2302 879 2365; x_wconf 83' lang='grc' dir='ltr'><strong><em>οὐ</em></strong></span> <span class='ocrx_word' id='word_1_75' title='bbox 902 2301 988 2382; x_wconf 79' lang='grc' dir='ltr'><strong><em>χερσί</em></strong></span> <span class='ocrx_word' id='word_1_76' title='bbox 1013 2301 1184 2380; x_wconf 70' lang='grc' dir='ltr'><strong><em>νωμάσαντ’</em></strong></span> <span class='ocrx_word' id='word_1_77' title='bbox 1209 2302 1295 2367; x_wconf 81' lang='grc' dir='ltr'><strong><em>ε’ίὲλω</em></strong></span> 
     </span>
    </p>

    <p class='ocr_par' dir='ltr' id='par_1_8' title="bbox 486 2407 1206 2496">
     <span class='ocr_line' id='line_1_13' title="bbox 486 2407 1206 2496; baseline 0.007 -22"><span class='ocrx_word' id='word_1_78' title='bbox 486 2407 503 2483; x_wconf 76' lang='grc' dir='ltr'>ἢ</span> <span class='ocrx_word' id='word_1_79' title='bbox 529 2411 670 2491; x_wconf 81' lang='grc' dir='ltr'><strong><em>Κοιςορείῳ</em></strong></span> <span class='ocrx_word' id='word_1_80' title='bbox 693 2409 709 2484; x_wconf 76' lang='grc' dir='ltr'>ἢ</span> <span class='ocrx_word' id='word_1_81' title='bbox 734 2411 851 2478; x_wconf 77' lang='grc' dir='ltr'><strong><em>Ἰολοίοί</em></strong></span> <span class='ocrx_word' id='word_1_82' title='bbox 876 2411 1032 2495; x_wconf 78' lang='grc' dir='ltr'><strong><em>ε’νοορμόξιιι</em></strong></span> <span class='ocrx_word' id='word_1_83' title='bbox 1053 2439 1093 2479; x_wconf 95' lang='grc' dir='ltr'><strong><em>νιν</em></strong></span> <span class='ocrx_word' id='word_1_84' title='bbox 1117 2413 1206 2496; x_wconf 80' lang='grc' dir='ltr'><strong><em>ὕμνῳ.</em></strong></span> 
     </span>
    </p>

    <p class='ocr_par' dir='ltr' id='par_1_9' title="bbox 418 2547 1541 2976">
     <span class='ocr_line' id='line_1_14' title="bbox 463 2547 1540 2635; baseline 0.005 -24"><span class='ocrx_word' id='word_1_85' title='bbox 463 2547 560 2613; x_wconf 83' lang='lat' dir='ltr'><strong>Haud</strong></span> <span class='ocrx_word' id='word_1_86' title='bbox 592 2550 771 2634; x_wconf 80' lang='lat' dir='ltr'>displiceret</span> <span class='ocrx_word' id='word_1_87' title='bbox 793 2552 871 2614; x_wconf 90' lang='lat' dir='ltr'>mihi</span> <span class='ocrx_word' id='word_1_88' title='bbox 893 2552 934 2616; x_wconf 90' lang='lat' dir='ltr'><strong><em>M.</em></strong></span> <span class='ocrx_word' id='word_1_89' title='bbox 958 2553 1126 2618; x_wconf 82' lang='lat' dir='ltr'>Schmidtii</span> <span class='ocrx_word' id='word_1_90' title='bbox 1149 2556 1331 2619; x_wconf 76' lang='lat' dir='ltr'>coniectura</span> <span class='ocrx_word' id='word_1_91' title='bbox 1353 2554 1476 2635; x_wconf 84' lang='grc' dir='ltr'><strong><em>τορὸν</em></strong></span> <span class='ocrx_word' id='word_1_92' title='bbox 1499 2591 1540 2600; x_wconf 94' lang='grc'><strong>-</strong></span> 
     </span>
     <span class='ocr_line' id='line_1_15' title="bbox 418 2659 1541 2750; baseline 0.004 -25"><span class='ocrx_word' id='word_1_93' title='bbox 418 2659 517 2742; x_wconf 77' lang='grc' dir='ltr'><strong><em>γέρως,</em></strong></span> <span class='ocrx_word' id='word_1_94' title='bbox 548 2664 612 2727; x_wconf 88' lang='lat' dir='ltr'><strong><em>nisi</em></strong></span> <span class='ocrx_word' id='word_1_95' title='bbox 642 2663 784 2728; x_wconf 86' lang='lat' dir='ltr'>viderem</span> <span class='ocrx_word' id='word_1_96' title='bbox 814 2663 990 2729; x_wconf 83' lang='lat' dir='ltr'>Pindarum</span> <span class='ocrx_word' id='word_1_97' title='bbox 1021 2686 1181 2750; x_wconf 83' lang='lat' dir='ltr'><strong>nusquam</strong></span> <span class='ocrx_word' id='word_1_98' title='bbox 1205 2687 1242 2732; x_wconf 88' lang='lat' dir='ltr'><strong><em>eo</em></strong></span> <span class='ocrx_word' id='word_1_99' title='bbox 1267 2668 1421 2732; x_wconf 82' lang='lat' dir='ltr'><strong><em>adIeetivo</em></strong></span> <span class='ocrx_word' id='word_1_100' title='bbox 1445 2687 1541 2732; x_wconf 88' lang='lat' dir='ltr'><strong>usum</strong></span> 
     </span>
     <span class='ocr_line' id='line_1_16' title="bbox 419 2775 1539 2864; baseline 0.003 -25"><span class='ocrx_word' id='word_1_101' title='bbox 419 2793 497 2856; x_wconf 85' lang='lat' dir='ltr'><strong><em>esse,</em></strong></span> <span class='ocrx_word' id='word_1_102' title='bbox 533 2775 588 2840; x_wconf 87' lang='lat' dir='ltr'><strong><em>sed</em></strong></span> <span class='ocrx_word' id='word_1_103' title='bbox 623 2776 718 2860; x_wconf 84' lang='lat' dir='ltr'>longe</span> <span class='ocrx_word' id='word_1_104' title='bbox 753 2781 837 2842; x_wconf 81' lang='lat' dir='ltr'>certa</span> <span class='ocrx_word' id='word_1_105' title='bbox 870 2778 1075 2862; x_wconf 84' lang='lat' dir='ltr'><strong><em>praeferenda</em></strong></span> <span class='ocrx_word' id='word_1_106' title='bbox 1106 2785 1155 2844; x_wconf 85' lang='lat' dir='ltr'><strong><em>est</em></strong></span> <span class='ocrx_word' id='word_1_107' title='bbox 1183 2779 1313 2864; x_wconf 82' lang='lat' dir='ltr'>Bergkii</span> <span class='ocrx_word' id='word_1_108' title='bbox 1340 2776 1465 2864; x_wconf 72' lang='grc' dir='ltr'><strong><em>(τεθμόν</em></strong></span> <span class='ocrx_word' id='word_1_109' title='bbox 1488 2778 1539 2842; x_wconf 85' lang='lat' dir='ltr'><strong><em>vel</em></strong></span> 
     </span>
     <span class='ocr_line' id='line_1_17' title="bbox 419 2886 1540 2976; baseline 0 -25"><span class='ocrx_word' id='word_1_110' title='bbox 419 2887 443 2951; x_wconf 80' lang='lat' dir='ltr'><strong><em>l&#39;</em></strong></span> <span class='ocrx_word' id='word_1_111' title='bbox 454 2886 544 2974; x_wconf 87' lang='grc' dir='ltr'><strong><em>όμόν)</em></strong></span> <span class='ocrx_word' id='word_1_112' title='bbox 561 2895 594 2954; x_wconf 83' lang='lat' dir='ltr'><strong><em>et</em></strong></span> <span class='ocrx_word' id='word_1_113' title='bbox 603 2888 777 2973; x_wconf 78' lang='lat' dir='ltr'>Hartungii</span> <span class='ocrx_word' id='word_1_114' title='bbox 793 2887 923 2976; x_wconf 73' lang='grc' dir='ltr'><strong><em>(μέλος)</em></strong></span> <span class='ocrx_word' id='word_1_115' title='bbox 940 2890 1223 2956; x_wconf 82' lang='lat' dir='ltr'>commentisMihi</span> <span class='ocrx_word' id='word_1_116' title='bbox 1235 2893 1369 2956; x_wconf 79' lang='lat' dir='ltr'>venitin</span> <span class='ocrx_word' id='word_1_117' title='bbox 1382 2896 1540 2956; x_wconf 83' lang='lat' dir='ltr'><strong>mentam:</strong></span> 
     </span>
    </p>

    <p class='ocr_par' dir='ltr' id='par_1_10' title="bbox 482 2998 1536 3324">
     <span class='ocr_line' id='line_1_18' title="bbox 483 2998 1449 3089; baseline 0.001 -25"><span class='ocrx_word' id='word_1_118' title='bbox 483 3000 555 3064; x_wconf 66' lang='grc' dir='ltr'><strong><em>ἄλλ’</em></strong></span> <span class='ocrx_word' id='word_1_119' title='bbox 578 3001 635 3078; x_wconf 72' lang='grc' dir='ltr'><strong><em>ἐγὼ</em></strong></span> <span class='ocrx_word' id='word_1_120' title='bbox 661 2998 801 3081; x_wconf 76' lang='grc' dir='ltr'><strong><em>Ἡροδότῳ</em></strong></span> <span class='ocrx_word' id='word_1_121' title='bbox 824 2999 938 3080; x_wconf 81' lang='grc' dir='ltr'><strong><em>τεύχων</em></strong></span> <span class='ocrx_word' id='word_1_122' title='bbox 960 3010 1107 3066; x_wconf 87' lang='grc' dir='ltr'>ΤΟΔΕΦ</span> <span class='ocrx_word' id='word_1_123' title='bbox 1135 3001 1214 3089; x_wconf 55' lang='grc' dir='ltr'><strong><em>(τοῖ’</em></strong></span> <span class='ocrx_word' id='word_1_124' title='bbox 1237 3002 1310 3088; x_wconf 81' lang='grc' dir='ltr'><strong><em>ἐφ’)</em></strong></span> <span class='ocrx_word' id='word_1_125' title='bbox 1336 2999 1449 3081; x_wconf 75' lang='grc' dir='ltr'><strong><em>ἅρμωτι</em></strong></span> 
     </span>
     <span class='ocr_line' id='line_1_19' title="bbox 822 3109 1536 3208; baseline 0 -32"><span class='ocrx_word' id='word_1_126' title='bbox 822 3109 826 3116; x_wconf 78' lang='grc'><strong>’</strong></span> <span class='ocrx_word' id='word_1_127' title='bbox 1086 3197 1090 3208; x_wconf 37' lang='grc' dir='ltr'>Ι</span> <span class='ocrx_word' id='word_1_128' title='bbox 1261 3113 1416 3199; x_wconf 79' lang='grc' dir='ltr'><strong><em>[τεθρίππῳ</em></strong></span> <span class='ocrx_word' id='word_1_129' title='bbox 1439 3112 1536 3194; x_wconf 74' lang='grc' dir='ltr'><strong><em>γέρως,</em></strong></span> 
     </span>
     <span class='ocr_line' id='line_1_20' title="bbox 482 3223 1223 3324; baseline 0.003 -37"><span class='ocrx_word' id='word_1_130' title='bbox 482 3223 561 3288; x_wconf 82' lang='grc' dir='ltr'><strong><em>οὶνί</em></strong></span> <span class='ocrx_word' id='word_1_131' title='bbox 579 3226 624 3288; x_wconf 83' lang='grc' dir='ltr'><strong><em>,ἕν</em></strong></span> <span class='ocrx_word' id='word_1_132' title='bbox 648 3229 733 3308; x_wconf 85' lang='lat' dir='ltr'>(eum</span> <span class='ocrx_word' id='word_1_133' title='bbox 756 3226 950 3324; x_wconf 23' lang='lat' dir='ltr'>Hartunflgio)</span> <span class='ocrx_word' id='word_1_134' title='bbox 974 3225 1141 3307; x_wconf 70' lang='grc' dir='ltr'><strong><em>ἀλλοτρίοις</em></strong></span> <span class='ocrx_word' id='word_1_135' title='bbox 1163 3227 1223 3290; x_wconf 73' lang='lat' dir='ltr'><strong><em>ari.</em></strong></span> 
     </span>
    </p>
   </div>
   <div class='ocr_carea' id='block_1_6' title="bbox 462 3349 1539 3449">
    <p class='ocr_par' dir='ltr' id='par_1_11' title="bbox 462 3349 1539 3449">
     <span class='ocr_line' id='line_1_21' title="bbox 462 3349 1539 3449; baseline -0.001 -22"><span class='ocrx_word' id='word_1_136' title='bbox 462 3359 642 3438; x_wconf 78' lang='lat' dir='ltr'><strong>Quominus</strong></span> <span class='ocrx_word' id='word_1_137' title='bbox 673 3364 757 3426; x_wconf 91' lang='lat' dir='ltr'>enim</span> <span class='ocrx_word' id='word_1_138' title='bbox 781 3382 855 3427; x_wconf 84' lang='lat' dir='ltr'><strong><em>oum</em></strong></span> <span class='ocrx_word' id='word_1_139' title='bbox 877 3363 1008 3449; x_wconf 84' lang='lat' dir='ltr'>Bergkii</span> <span class='ocrx_word' id='word_1_140' title='bbox 1031 3362 1207 3428; x_wconf 80' lang='lat' dir='ltr'>scribamus</span> <span class='ocrx_word' id='word_1_141' title='bbox 1229 3349 1286 3427; x_wconf 78' lang='grc' dir='ltr'><strong><em>οἱνί</em></strong></span> <span class='ocrx_word' id='word_1_142' title='bbox 1310 3360 1370 3437; x_wconf 75' lang='grc' dir='ltr'><strong><em>ἅτ’,</em></strong></span> <span class='ocrx_word' id='word_1_143' title='bbox 1393 3361 1539 3448; x_wconf 85' lang='lat' dir='ltr'>prohibet</span> 
     </span>
    </p>
   </div>
   <div class='ocr_carea' id='block_1_7' title="bbox 312 3473 1541 3561">
    <p class='ocr_par' dir='ltr' id='par_1_12' title="bbox 312 3473 1541 3561">
     <span class='ocr_line' id='line_1_22' title="bbox 312 3473 1541 3561; baseline 0.001 -23"><span class='ocrx_word' id='word_1_144' title='bbox 312 3479 315 3488; x_wconf 82' lang='lat'><strong><em>‘</em></strong></span> <span class='ocrx_word' id='word_1_145' title='bbox 417 3481 567 3539; x_wconf 79' lang='lat' dir='ltr'><strong>constans</strong></span> <span class='ocrx_word' id='word_1_146' title='bbox 591 3473 721 3539; x_wconf 89' lang='lat' dir='ltr'>Pindari</span> <span class='ocrx_word' id='word_1_147' title='bbox 743 3495 832 3558; x_wconf 85' lang='lat' dir='ltr'><strong>usus,</strong></span> <span class='ocrx_word' id='word_1_148' title='bbox 855 3478 909 3541; x_wconf 84' lang='lat' dir='ltr'><strong><em>eui</em></strong></span> <span class='ocrx_word' id='word_1_149' title='bbox 931 3474 985 3540; x_wconf 74' lang='grc' dir='ltr'><strong><em>οἵτε</em></strong></span> <span class='ocrx_word' id='word_1_150' title='bbox 1008 3497 1186 3560; x_wconf 81' lang='lat' dir='ltr'><strong>numquam</strong></span> <span class='ocrx_word' id='word_1_151' title='bbox 1210 3483 1258 3542; x_wconf 82' lang='lat' dir='ltr'><strong><em>est</em></strong></span> <span class='ocrx_word' id='word_1_152' title='bbox 1283 3478 1464 3561; x_wconf 91' lang='lat' dir='ltr'>quippe.</span> <span class='ocrx_word' id='word_1_153' title='bbox 1487 3476 1541 3539; x_wconf 92' lang='lat' dir='ltr'><strong><em>Ad</em></strong></span> 
     </span>
    </p>
   </div>
   <div class='ocr_carea' id='block_1_8' title="bbox 418 3587 916 3655">
    <p class='ocr_par' dir='ltr' id='par_1_13' title="bbox 418 3587 916 3655">
     <span class='ocr_line' id='line_1_23' title="bbox 418 3587 916 3655; baseline 0.004 -3"><span class='ocrx_word' id='word_1_154' title='bbox 418 3587 468 3652; x_wconf 83' lang='grc' dir='ltr'><strong><em>ἐπί</em></strong></span> <span class='ocrx_word' id='word_1_155' title='bbox 488 3589 525 3653; x_wconf 84' lang='lat' dir='ltr'><strong><em>cf.</em></strong></span> <span class='ocrx_word' id='word_1_156' title='bbox 548 3589 631 3654; x_wconf 88' lang='lat' dir='ltr'>infra</span> <span class='ocrx_word' id='word_1_157' title='bbox 653 3611 716 3655; x_wconf 87' lang='lat' dir='ltr'><strong>vss.</strong></span> <span class='ocrx_word' id='word_1_158' title='bbox 741 3591 782 3654; x_wconf 90' lang='grc'><strong><em>26</em></strong></span> <span class='ocrx_word' id='word_1_159' title='bbox 808 3597 839 3655; x_wconf 81' lang='lat' dir='ltr'><strong><em>sl</em></strong></span> <span class='ocrx_word' id='word_1_160' title='bbox 865 3593 916 3654; x_wconf 80' lang='lat'><strong><em>47.</em></strong></span> 
     </span>
    </p>
   </div>
   <div class='ocr_carea' id='block_1_9' title="bbox 462 3813 1039 4006">
    <p class='ocr_par' dir='ltr' id='par_1_14' title="bbox 462 3813 1039 4006">
     <span class='ocr_line' id='line_1_24' title="bbox 462 3813 577 3876; baseline 0 0"><span class='ocrx_word' id='word_1_161' title='bbox 462 3813 501 3876; x_wconf 89' lang='lat' dir='ltr'><strong><em>V.</em></strong></span> <span class='ocrx_word' id='word_1_162' title='bbox 526 3814 577 3876; x_wconf 83' lang='lat'><strong><em>28.</em></strong></span> 
     </span>
     <span class='ocr_line' id='line_1_25' title="bbox 481 3923 1039 4006; baseline -0.002 -18"><span class='ocrx_word' id='word_1_163' title='bbox 481 3928 537 3988; x_wconf 79' lang='grc' dir='ltr'><strong><em>τῶν</em></strong></span> <span class='ocrx_word' id='word_1_164' title='bbox 560 3923 666 4006; x_wconf 79' lang='grc' dir='ltr'><strong><em>οὶόρόοις</em></strong></span> <span class='ocrx_word' id='word_1_165' title='bbox 690 3923 884 4002; x_wconf 77' lang='grc' dir='ltr'><strong><em>οίνδηοοίμενοι</em></strong></span> <span class='ocrx_word' id='word_1_166' title='bbox 910 3923 1039 4001; x_wconf 79' lang='grc' dir='ltr'><strong><em>όοιμοίκις</em></strong></span> 
     </span>
    </p>
   </div>
   <div class='ocr_carea' id='block_1_10' title="bbox 481 4035 1531 4235">
    <p class='ocr_par' dir='ltr' id='par_1_15' title="bbox 481 4035 1531 4235">
     <span class='ocr_line' id='line_1_26' title="bbox 481 4035 1475 4120; baseline -0.002 -19"><span class='ocrx_word' id='word_1_167' title='bbox 481 4035 583 4119; x_wconf 78' lang='grc' dir='ltr'><strong><em>ἔρνεσιν</em></strong></span> <span class='ocrx_word' id='word_1_168' title='bbox 605 4037 720 4118; x_wconf 82' lang='grc' dir='ltr'><strong><em>χιιίτως</em></strong></span> <span class='ocrx_word' id='word_1_169' title='bbox 742 4037 870 4120; x_wconf 81' lang='grc' dir='ltr'><strong><em>ῥεέόροιοί</em></strong></span> <span class='ocrx_word' id='word_1_170' title='bbox 891 4060 925 4101; x_wconf 87' lang='grc' dir='ltr'><strong><em>τε</em></strong></span> <span class='ocrx_word' id='word_1_171' title='bbox 948 4037 1058 4118; x_wconf 80' lang='grc' dir='ltr'><strong><em>Δίρκοις</em></strong></span> <span class='ocrx_word' id='word_1_172' title='bbox 1081 4035 1189 4119; x_wconf 82' lang='grc' dir='ltr'><strong><em>ἔφωνεν</em></strong></span> <span class='ocrx_word' id='word_1_173' title='bbox 1210 4035 1262 4100; x_wconf 71' lang='lat' dir='ltr'><strong><em>aa}</em></strong></span> <span class='ocrx_word' id='word_1_174' title='bbox 1286 4037 1377 4117; x_wconf 83' lang='grc' dir='ltr'><strong><em>πωρ’</em></strong></span> <span class='ocrx_word' id='word_1_175' title='bbox 1403 4037 1475 4100; x_wconf 83' lang='grc' dir='ltr'><strong><em>Εὐ-</em></strong></span> 
     </span>
     <span class='ocr_line' id='line_1_27' title="bbox 719 4141 1531 4235; baseline -0.001 -23"><span class='ocrx_word' id='word_1_176' title='bbox 719 4141 721 4147; x_wconf 67' lang='grc'><strong>’</strong></span> <span class='ocrx_word' id='word_1_177' title='bbox 1138 4147 1531 4235; x_wconf 54' lang='lat' dir='ltr'><strong><em>[perquiramus</em></strong></span> 
     </span>
    </p>
   </div>
   <div class='ocr_carea' id='block_1_11' title="bbox 413 4285 1533 4577">
    <p class='ocr_par' dir='ltr' id='par_1_16' title="bbox 413 4285 1533 4577">
     <span class='ocr_line' id='line_1_28' title="bbox 456 4285 1533 4371; baseline -0.002 -19"><span class='ocrx_word' id='word_1_178' title='bbox 456 4288 622 4353; x_wconf 78' lang='lat' dir='ltr'><strong><em>Manliesto</em></strong></span> <span class='ocrx_word' id='word_1_179' title='bbox 646 4285 742 4359; x_wconf 74' lang='grc' dir='ltr'><strong><em>πέλωρ</em></strong></span> <span class='ocrx_word' id='word_1_180' title='bbox 763 4290 798 4353; x_wconf 91' lang='lat' dir='ltr'><strong><em>in</em></strong></span> <span class='ocrx_word' id='word_1_181' title='bbox 821 4289 880 4353; x_wconf 83' lang='lat' dir='ltr'><strong><em>hae</em></strong></span> <span class='ocrx_word' id='word_1_182' title='bbox 903 4288 1073 4354; x_wconf 83' lang='lat' dir='ltr'>verborum</span> <span class='ocrx_word' id='word_1_183' title='bbox 1093 4288 1321 4371; x_wconf 76' lang='lat' dir='ltr'>composifione</span> <span class='ocrx_word' id='word_1_184' title='bbox 1337 4286 1533 4351; x_wconf 88' lang='lat' dir='ltr'>maleabun-</span> 
     </span>
     <span class='ocr_line' id='line_1_29' title="bbox 413 4395 1533 4485; baseline -0.004 -19"><span class='ocrx_word' id='word_1_185' title='bbox 413 4402 473 4466; x_wconf 64' lang='lat' dir='ltr'><strong><em>dal</em></strong></span> <span class='ocrx_word' id='word_1_186' title='bbox 497 4400 625 4466; x_wconf 84' lang='lat' dir='ltr'>Conieei</span> <span class='ocrx_word' id='word_1_187' title='bbox 649 4398 702 4464; x_wconf 79' lang='grc' dir='ltr'><strong><em>κωί</em></strong></span> <span class='ocrx_word' id='word_1_188' title='bbox 726 4401 795 4481; x_wconf 88' lang='grc' dir='ltr'><strong><em>πωρ’</em></strong></span> <span class='ocrx_word' id='word_1_189' title='bbox 819 4400 998 4480; x_wconf 81' lang='grc' dir='ltr'><strong><em>Εὐρότω</em></strong></span> <span class='ocrx_word' id='word_1_190' title='bbox 1020 4403 1078 4485; x_wconf 84' lang='lat' dir='ltr'><strong><em>(sie</em></strong></span> <span class='ocrx_word' id='word_1_191' title='bbox 1099 4400 1173 4464; x_wconf 89' lang='lat' dir='ltr'>libri</span> <span class='ocrx_word' id='word_1_192' title='bbox 1198 4402 1320 4483; x_wconf 85' lang='lat' dir='ltr'>omnes)</span> <span class='ocrx_word' id='word_1_193' title='bbox 1345 4395 1396 4461; x_wconf 89' lang='grc' dir='ltr'><strong><em>πό</em></strong></span> <span class='ocrx_word' id='word_1_194' title='bbox 1404 4422 1463 4478; x_wconf 85' lang='grc' dir='ltr'><strong><em>ρῳ.</em></strong></span> <span class='ocrx_word' id='word_1_195' title='bbox 1489 4398 1533 4462; x_wconf 79' lang='lat' dir='ltr'><strong><em>Of.</em></strong></span> 
     </span>
     <span class='ocr_line' id='line_1_30' title="bbox 414 4511 974 4577; baseline 0 -1"><span class='ocrx_word' id='word_1_196' title='bbox 414 4511 450 4576; x_wconf 93' lang='grc' dir='ltr'><strong><em>Ο.</em></strong></span> <span class='ocrx_word' id='word_1_197' title='bbox 473 4511 521 4576; x_wconf 84' lang='lat' dir='ltr'><strong><em>VI</em></strong></span> <span class='ocrx_word' id='word_1_198' title='bbox 544 4514 595 4576; x_wconf 84' lang='lat'><strong><em>28.</em></strong></span> <span class='ocrx_word' id='word_1_199' title='bbox 618 4512 635 4575; x_wconf 88' lang='grc' dir='ltr'>Ι</span> <span class='ocrx_word' id='word_1_200' title='bbox 660 4514 709 4576; x_wconf 88' lang='grc'><strong><em>95.</em></strong></span> <span class='ocrx_word' id='word_1_201' title='bbox 732 4513 767 4576; x_wconf 89' lang='lat' dir='ltr'><strong><em>Il</em></strong></span> <span class='ocrx_word' id='word_1_202' title='bbox 791 4515 842 4577; x_wconf 84' lang='lat'><strong><em>14.</em></strong></span> <span class='ocrx_word' id='word_1_203' title='bbox 866 4513 900 4576; x_wconf 89' lang='lat' dir='ltr'>X</span> <span class='ocrx_word' id='word_1_204' title='bbox 922 4516 974 4577; x_wconf 85' lang='grc'><strong><em>48.</em></strong></span> 
     </span>
    </p>
   </div>
   <div class='ocr_carea' id='block_1_12' title="bbox 0 0 1818 5591">
    <p class='ocr_par' dir='ltr' id='par_1_17' title="bbox 0 0 1818 5591">
     <span class='ocr_line' id='line_1_31' title="bbox 0 0 1818 5591; baseline 0 0"><span class='ocrx_word' id='word_1_205' title='bbox 0 0 1818 5591; x_wconf 95' lang='lat' dir='ltr'><strong><em> </em></strong></span> 
     </span>
    </p>
   </div>
  </div>
 </body>
</html>
