3626 5598
473 887 527 950 Sic
559 885 641 950 libri
673 884 780 970 Bergk
812 885 906 948 metri
935 903 1033 948 causa
1063 883 1152 948 dedit
1181 881 1324 954 riter,
1348 903 1550 948 noncnrans

430 1001 629 1080 sententiam,
663 1017 746 1082 quae
779 1015 884 1080 neque
911 995 1034 1062 Reiskii
1063 1002 1244 1060 commento
1274 994 1421 1074 ἁδρός,
1446 1015 1551 1079 neque

429 1111 576 1178 violentis
598 1109 772 1196 Hartungii
795 1110 945 1174 remediis
968 1111 1159 1174 restituitur.
1182 1108 1327 1172 Cenieei:

429 1221 495 1302 ἐμοὶ
515 1223 542 1287 δ’
559 1223 655 1300 tatros
679 1223 734 1300 μὲν
752 1225 813 1299 γὶς
833 1220 993 1286 δέδοται
1012 1217 1042 1283 ’ν
1064 1221 1093 1283 τ’
1117 1219 1228 1298 (iub
1248 1227 1294 1300 τε)
1313 1219 1432 1297 tatya
1451 1221 1548 1300 δρῦς.

474 1335 584 1400 Mihi
617 1336 826 1420 paullum
861 1335 1047 1418 quidem
1083 1335 1185 1417 agri
1219 1333 1374 1398 datum
1405 1335 1551 1397 estin

430 1468 576 1533 eoque
598 1469 702 1514 rara
722 1447 880 1530 arbor,
904 1453 976 1512 cett.
999 1447 1052 1510 Ad
1073 1445 1171 1522 ὄλίγσν
1189 1450 1250 1522 γᾶς
1269 1443 1551 1525 οἱμέλιτσςμινρὸν

430 1563 485 1626 Ar.
509 1560 605 1646 Vesp.
628 1561 703 1625 878.

475 1756 526 1820 Fr.
558 1757 629 1820 159.
659 1755 767 1836 ἀνδρῶν
796 1753 912 1818 δικαίων
932 1753 1033 1834 udam
1056 1753 1192 1832 συτῆρ
1214 1751 1339 1833 ἄριστος.
1365 1754 1482 1817 Utrum
1504 1756 1550 1818 sic

431 1889 473 1934 an
503 1867 670 1947 γυυσνίρ
701 1867 905 1934 scribendum
927 1869 978 1948 sit,
1000 1867 1171 1950 disquisivi
1193 1865 1318 1931 Pind.
1341 1867 1361 1929 L
1384 1867 1404 1929 L
1426 1866 1552 1931 Tuebar

431 1989 538 2048 tamen
568 1981 672 2062 συσνὶρ,
703 1987 741 2046 ut
772 1983 815 2046 sit
845 1981 923 2046 brec
953 1983 1127 2046 sententia:
1158 1981 1395 2044 iustorum
1418 1980 1552 2044 homi-

431 2115 534 2162 num
556 2097 695 2180 (propter
717 2092 819 2158 νὶυδῶν
841 2092 945 2170 antu
969 2116 1002 2156 σε
1024 2093 1147 2176 landes)
1170 2113 1416 2175 numquam
1438 2095 1552 2156 inte-

432 2211 528 2274 rire
550 2209 824 2275 memoriam.

477 2393 528 2458 rr.
551 2395 623 2458 189.
646 2391 792 2456 rauba
806 2391 855 2470 μί
874 2391 1076 2475 requirebam
1099 2411 1156 2476 pro
1179 2391 1341 2470 πανδαμεί.
1365 2392 1498 2457 Ibidem.

476 2577 526 2642 Fr.
550 2579 623 2642 203.

432 2687 554 2772 Ἀυδρες
576 2689 650 2762 τινὲς
672 2687 856 2769 ἄκνυζδμευσν
878 2687 990 2752 Σκύθου

432 2802 524 2884 νεκρὸν
547 2798 634 2866 ἵππου
657 2799 799 2880 ςυγὲσνσσυ
821 2798 900 2880 λόγῳ
921 2798 1068 2878 κτάμενον
1089 2801 1131 2864 ἐν
1152 2799 1281 2882 φάει,

432 2919 531 2998 κρυφᾷ
553 2914 585 2980 δὲ
606 2913 814 2986 saetisve
836 2912 950 2992 γένυσιν
974 2912 1127 2994 tartarea
1147 2914 1241 2986 πόδας
1261 2914 1311 2988 ἠδὲ
1335 2914 1552 2995 κεφαλάς.

476 3028 573 3094 Recte
596 3027 729 3094 fortasss
751 3025 890 3108 κεφαλάυ
912 3029 1046 3112 requirit
1067 3027 1182 3112 Bergk,
1204 3029 1364 3093 sedidem
1382 3029 1552 3094 infeliciter

433 3143 567 3208 coniecit
602 3141 628 3206 δ’
663 3140 906 3214 ἀσκελέως,
940 3160 1006 3205 nou
1041 3143 1127 3206 enim
1157 3143 1385 3206 continno
1415 3142 1552 3223 Scythae

433 3258 525 3341 equis
556 3254 774 3338 vescebantur,
802 3261 840 3320 ut
869 3252 1011 3318 arbitror.
1041 3254 1105 3318 Pro
1134 3253 1264 3325 σνυλίσυς
1294 3256 1350 3334 (sic
1380 3253 1552 3336 Zenobius)

432 3370 548 3454 reliqui
581 3368 853 3454 parcemiugraphi
887 3365 1004 3433 habent
1039 3365 1249 3437 raoutorc.
1281 3367 1363 3432 Vide
1395 3387 1436 3430 au
1458 3367 1554 3432 fuerit

433 3486 531 3564 κρυφᾷ
566 3481 597 3546 δὲ
631 3481 827 3553 σκοτίους
863 3478 1032 3565 (σνυτνονῗ)
1066 3478 1189 3557 γένυσιν,
1222 3499 1304 3563 quae
1332 3482 1553 3565 responderint

435 3595 538 3661 verbis
568 3596 761 3681 praegressis
791 3593 806 3656 ἐ
818 3616 832 3655 ν
861 3590 976 3673 <botru
1001 3593 1053 3656 Ad
1077 3594 1233 3657 sermonis
1258 3592 1490 3657 abundantiam
1512 3593 1552 3656 cf.

432 3709 471 3774 N.
495 3709 526 3772 V
549 3711 608 3773 29:

433 3819 601 3904 ψεύςυυ
625 3820 656 3884 δὲ
680 3815 1147 3896 πσνυτὸυσυυὲσυξελόγσυ.

478 3936 540 4002 Sed
569 3954 628 3999 cur
657 3933 739 3998 dixit
767 3939 861 4018 poeta
881 3929 1044 4012 ἀνδὲρονσνν,
1069 3935 1338 4018 excoriant,
1361 3934 1417 3999 ubi
1439 3954 1552 4019 cxpec

434 4057 539 4118 tamus
573 4047 790 4129 ἀποτρώγουσιν,
827 4046 936 4112 abrc
949 4047 969 4110 d
982 4048 1089 4112 unt?
1122 4049 1176 4112 An
1213 4050 1298 4133 quod
1335 4051 1432 4134 capiti
1467 4051 1553 4134 pedi-

434 4165 560 4249 busque
592 4163 719 4247 equinis
752 4179 863 4225 carnes
896 4161 954 4224 vix
983 4159 1068 4225 ullae
1098 4161 1198 4227 sunt?
1229 4159 1278 4226 De
1309 4165 1417 4226 curvis
1439 4163 1553 4247 gladiis

433 4279 585 4344 cultrisvc
622 4273 766 4360 (σκολιοῖς
797 4270 931 4358 γένυσιν)
964 4274 1021 4337 vix
1049 4275 1181 4358 cogitari
1212 4293 1305 4358 posse
1338 4275 1471 4357 videtur,
1494 4295 1555 4340 nec

432 4389 529 4470 γένυς,
554 4389 641 4474 quod
663 4389 771 4468 sciam,
795 4387 834 4450 de
857 4385 918 4450 alic
940 4387 1154 4452 instrumento
1174 4394 1297 4472 praeter
1309 4391 1446 4454 securim
1460 4410 1553 4454 usur-

433 4510 536 4592 patur.
555 4501 703 4567 Aliorum
723 4501 762 4564 de
780 4499 850 4563 loco
868 4500 954 4563 haud
963 4502 1039 4564 satis
1052 4502 1198 4585 expedito
1211 4509 1343 4586 expecto
1356 4505 1558 4567 sententiam.
