3626 5598
957 706 999 768 42

462 891 498 954 V.
523 892 573 955 23.
891 887 939 951 τὸν
962 883 993 951 δὲ
1016 883 1167 964 σύγκοιτον
1189 883 1301 964 γλυκύν

603 998 690 1065 ὕπνον
712 999 762 1064 ἐπὶ
786 998 945 1080 γλεφάροις

604 1111 692 1195 παῦρ’
720 1111 984 1178 ἀναλίσκοισα
1006 1110 1179 1193 ῥέποντα
1201 1111 1270 1192 πρὸς
1292 1111 1344 1174 ee.

461 1227 591 1313 Gorrigo
616 1225 870 1292 ιῖναλῖοιιοιο’
901 1222 960 1306 ἄρ’
987 1221 1150 1298 ε’πδντα,
1174 1225 1227 1290 vel
1248 1223 1425 1308 elegantius
1447 1223 1535 1287 oiva-

414 1339 599 1407 λῖοιιοιοα
640 1338 831 1411 πετόντα,
871 1338 993 1403 collatis
1033 1338 1250 1403 locutionibus
1284 1337 1332 1401 ἐπ’
1367 1337 1535 1418 ὀφθαλμοῖς

414 1450 541 1526 πίπτειν,
563 1450 611 1516 ἐπ’
634 1448 751 1528 ὄμματι
774 1447 908 1526 βοῖλλειν,
932 1450 1099 1516 similibus.
1122 1450 1237 1514 Pind.
1262 1451 1313 1513 22.

458 1673 499 1738 V.
529 1673 581 1737 29.
612 1670 722 1736 αὐτίκα
743 1669 770 1735 δ’
794 1670 832 1734 ἐκ
854 1668 1034 1752 μεγοῖρων
1056 1669 1180 1752 Χείρωνα
1202 1643 1362 1752 προτιῖνεπε
1382 1673 1478 1751 φωνᾷ·

606 1783 719 1861 Σεμνὸν
741 1782 841 1864 οῖντρον
864 1821 907 1830 -
930 1783 1075 1864 προλιπὼν
1096 1783 1158 1847 ιιτὲ.

416 1896 545 1963 Gonieei
562 1894 776 1980 ἕκιιαλέιον,
795 1897 833 1960 ci
851 1895 891 1960 N.
910 1895 928 1960 I
948 1896 999 1979 60,
1017 1896 1070 1960 vel
1089 1895 1123 1959 δ’
1147 1889 1376 1978 ὤνμεγοὶλρι.
1400 1894 1538 1958 Ibidem.

462 2127 502 2192 V.
527 2126 578 2192 36.
601 2124 665 2192 ieta
687 2123 799 2190 ιιλντῖιν
820 2124 897 2206 χέρα
920 2126 945 2190 οῖ
965 2131 1166 2207 προσενεγκεῖν

606 2233 625 2312 ἦ
645 2241 706 2320 ῥα,
729 2237 778 2302 καῖ
801 2239 835 2303 ἐκ
856 2238 970 2319 λεχέων
992 2245 1083 2320 κεῖραι
1106 2237 1251 2317 μελιηδέα
1271 2236 1365 2303 ποιοῖο.

460 2353 611 2436 Suspicor
644 2345 736 2434 ἦκα,
769 2351 944 2434 leniter,
977 2357 1015 2417 ut
1045 2357 1174 2435 amator,
1198 2372 1263 2416 non
1285 2352 1383 2416 fenoei
1404 2352 1537 2434 impetu,

416 2467 461 2530 ite
494 2469 531 2529 ut
564 2464 702 2548 puellam
725 2469 855 2528 terreret
877 2463 1090 2548 infestamque
1113 2456 1176 2530 sibi
1197 2464 1350 2546 redderet,
1374 2463 1423 2526 oll.
1441 2461 1535 2526 Hom.

416 2584 452 2642 n
477 2578 550 2641 τοι.
572 2599 592 2641 ι
616 2577 667 2659 92,
692 2577 742 2640 οι.
765 2575 898 2641 ninom.

460 2794 500 2859 V.
524 2796 576 2859 40.
598 2793 700 2883 Φοῖβε,
723 2791 775 2858 καὶ
798 2791 828 2858 ἔν
851 2817 884 2858 τε
907 2795 979 2866 θεοῖς
1001 2797 1087 2860 τοῦτο
1108 2793 1282 2876 ιιοῖνῖροῖιιοις
1304 2792 1382 2872 ὁμῶς

603 2904 735 2979 αἱδέοντ’,
758 2905 918 2986 ἀμφανδὸν
940 2904 1040 2979 ἁδείας
1062 2913 1168 2986 τοχεῖν
1199 2907 1240 2971 τὸ
1271 2909 1419 2988 πρῶτον
1442 2906 1534 2977 ειῖνοῖς.

461 3017 589 3103 Optimo
621 3021 692 3082 iure
725 3020 761 3082 in
793 3021 936 3099 τοτροῖτον
970 3020 1071 3084 haesit
1104 3019 1211 3084 Naber
1240 3040 1309 3104 pag.
1336 3021 1378 3084 38
1401 3039 1457 3103 sq.
1481 3018 1537 3084 sed

415 3130 535 3196 vulnus
568 3149 634 3194 non
656 3149 786 3194 sanasse
811 3131 890 3194 mihi
914 3132 1041 3196 videtur
1063 3132 1244 3216 reponendo
1267 3131 1309 3195 τὸ
1333 3129 1535 3212 παροίνιον,

417 3245 503 3328 quod
526 3262 631 3326 neque
653 3245 747 3307 metii
769 3246 978 3327 responsione
1001 3244 1243 3309 commendetur
1253 3262 1359 3327 neque
1371 3246 1536 3326 sententie,

416 3375 521 3440 neque
554 3375 618 3421 usu
651 3356 784 3420 Pindari
819 3361 850 3421 et
882 3363 1058 3441 poetarum,
1093 3360 1150 3442 qui
1183 3354 1327 3436 παραπαν
1348 3376 1537 3441 numquam,

419 3467 504 3551 quod
527 3470 635 3550 seiam,
658 3467 817 3532 dixerunt
840 3467 920 3532 Mihi
943 3471 1089 3535 venitin
1112 3473 1269 3534 mentem:

603 3577 764 3660 οῖμφανδῖν
787 3575 887 3650 ἁδείας
908 3586 1013 3659 τυχεῖν
1036 3581 1196 3661 ἐρῶντες
1217 3581 1319 3651 εὐνοῖς,

419 3691 474 3758 sed
495 3691 587 3758 facile
609 3693 719 3757 eedem
741 3693 928 3757 evidentiori
950 3696 1157 3758 coniecturae.

461 3912 500 3977 V.
525 3913 576 3976 67.
611 3913 700 3977 ὠκεῖα
722 3912 749 3976 δ’
773 3911 966 3991 ἐπειγομένων
988 3911 1058 3989 ἤδη
1083 3915 1150 3978 θεοῖν

606 4021 710 4105 προῖξις
733 4023 791 4090 teo!
812 4048 846 4088 τε
869 4025 1017 4107 βραχεῖαι.

460 4131 604 4223 Ιαηςιιοῐ
626 4135 689 4213 ἤδη.
712 4139 824 4205 Placet
844 4137 934 4204 αῖεῖ.
957 4140 1075 4204 Pind.
1099 4142 1150 4204 23.

461 4358 502 4424 V.
526 4359 576 4425 93.
610 4360 635 4424 εἶ
658 4359 745 4441 Φίλος
768 4360 847 4428 atter
868 4369 908 4424 EI
930 4384 974 4432 τις
998 4359 1126 4432 οῖντοῖεις.

462 4470 602 4555 Requiro
633 4480 671 4545 H,
705 4470 734 4545 ἤ,
757 4492 817 4538 neo
840 4472 950 4537 dubito
974 4473 1121 4556 amplecti
1142 4471 1322 4536 Hermanni
1345 4473 1534 4538 sententiam
