3626 5598
976 728 1018 790 20

431 910 593 996 probabile
615 915 663 974 est
684 909 860 974 Pindarum
885 909 924 973 (16
947 909 1017 972 aliis
1041 913 1164 992 praeter
1182 929 1216 974 se
1235 910 1413 994 cogitasse?
1433 909 1550 972 Utrum

432 1026 471 1090 de
504 1023 651 1109 pluribus
682 1043 722 1086 an
754 1023 792 1086 de
823 1023 890 1087 solo
913 1021 1051 1085 Pindaro
1075 1023 1322 1106 intellegendum
1348 1028 1442 1107 putas
1466 1023 1549 1086 idem

432 1156 608 1220 pronomen
631 1137 665 1198 in
688 1135 830 1199 eiusdem
844 1136 993 1199 carminis
1006 1137 1183 1218 prooemio:
1197 1131 1239 1198 ’Ἡ
1250 1136 1357 1198 θελοι
1371 1119 1501 1213 ΙΧείρωιιὶ
1519 1157 1552 1197 κε

433 1248 601 1327 Φιλυρίδιιν,
635 1247 659 1310 εἰ
693 1247 786 1328 χρεὼν
820 1248 897 1310 τοῦθ’
928 1245 1126 1326 ἁμετέραις
1159 1246 1219 1310 atri
1249 1246 1391 1324 γλώσσιις
1426 1247 1549 1311 κοινὸν

338 1401 349 1410 -
431 1356 569 1434 εὔξιισθιιι
603 1356 681 1432 ἕσις,
712 1359 769 1422 ubi
799 1356 886 1422 κοινόν
918 1360 964 1422 sie
993 1358 1122 1423 demum
1145 1359 1277 1443 pulchre
1299 1360 1420 1423 dictum
1444 1363 1500 1442 est,
1524 1359 1552 1423 si

431 1471 578 1552 ιὶριετέριις
604 1472 723 1536 dictum
747 1473 901 1555 accipitur
923 1491 979 1556 pro
1003 1472 1104 1548 ἐμᾶςῗ
1127 1472 1215 1536 Inter
1236 1472 1322 1536 locos
1341 1472 1398 1536 ubi
1418 1470 1552 1548 ὑμέτερος

432 1587 589 1670 reperitur
616 1584 663 1668 (Ο.
687 1585 738 1648 IX
762 1588 813 1648 54.
837 1585 873 1649 P.
896 1586 944 1648 IV
967 1587 1039 1649 255.
1064 1586 1145 1649 VIII
1170 1588 1219 1649 72.
1242 1586 1267 1650 L
1290 1586 1341 1649 III
1364 1588 1405 1649 21
1430 1585 1489 1669 (Vl
1512 1588 1551 1666 3).

432 1697 471 1760 N.
505 1697 538 1760 X
572 1699 636 1779 47),
669 1698 742 1762 licet
778 1699 892 1782 partim
929 1704 1150 1762 controversae
1181 1699 1246 1762 sint
1275 1699 1552 1782 interpretationis,

432 1809 558 1874 nullum
582 1811 704 1893 reperio
728 1809 786 1874 ubi
808 1829 874 1873 non
896 1811 973 1874 satis
997 1810 1161 1874 commode
1183 1829 1358 1895 pronomen
1381 1811 1421 1874 ad
1443 1811 1552 1894 plures

432 1921 541 1986 referri
564 1923 672 2004 possit.

476 2033 548 2098 Nisi
571 2036 696 2119 egregie
718 2034 818 2116 fallor,
836 2034 934 2098 huius
954 2034 1080 2098 dicendi
1100 2053 1190 2116 usus,
1202 2035 1270 2099 sive
1290 2034 1428 2098 abusum
1440 2053 1553 2098 vocare

434 2148 545 2230 mavis,
574 2167 707 2231 prorsus
737 2147 847 2212 eadem
878 2166 975 2211 causa
997 2147 1058 2211 fuit
1079 2148 1190 2231 poetis,
1213 2166 1295 2230 quae
1317 2166 1370 2211 eos
1394 2149 1494 2211 movit
1516 2153 1552 2210 ut

433 2260 519 2324 hand
541 2279 613 2324 raro
637 2260 909 2324 substantivorum
933 2259 1050 2343 plurali
1071 2279 1129 2343 pro
1152 2260 1308 2343 singulari
1330 2279 1464 2324 numero
1484 2264 1553 2324 ute-

433 2379 552 2438 rentur.
583 2372 705 2457 Nempe
735 2375 923 2457 gravitatem
957 2373 1118 2456 quandam
1142 2378 1173 2437 et
1196 2375 1391 2438 maiestatem
1414 2374 1468 2437 ille
1491 2393 1552 2436 nu-

433 2506 541 2551 merus
565 2487 752 2578 sublimiori
777 2506 873 2569 quam
897 2485 1098 2549 sectabantur
1121 2486 1255 2549 orationi
1275 2486 1443 2549 conciliare
1465 2486 1553 2549 vide-

433 2599 535 2681 batur,
555 2605 585 2664 et
603 2600 736 2663 fortasse
753 2599 913 2662 licentiam
933 2603 1033 2662 metro
1055 2617 1147 2681 saepe
1167 2598 1364 2661 commodam
1378 2617 1414 2662 eo
1427 2598 1553 2662 avidius

434 2712 633 2797 arripiebant,
668 2732 731 2795 quo
766 2713 867 2796 magis
896 2712 930 2774 id
961 2711 1104 2795 agebant,
1128 2717 1165 2775 ut
1194 2710 1363 2776 Musarum
1387 2731 1490 2776 sermo
1514 2711 1554 2775 ab

433 2823 548 2889 humili
577 2825 772 2909 pedestrium
795 2843 941 2889 sermone
966 2845 1062 2907 quam
1085 2823 1271 2908 longissime
1293 2825 1431 2890 distaret.
1455 2821 1552 2900 Ἀριὸς

434 2944 541 3003 autem
566 2936 757 3017 61ιὶμὲσερος
781 2957 836 3021 pro
858 2935 1108 3013 ἐμός16166166]
1135 2943 1288 3020 usurpata
1307 2956 1377 3002 esse
1397 2956 1434 3001 66
1445 2937 1553 3000 minus

434 3055 597 3133 miramur,
621 3052 706 3136 quod
731 3053 825 3116 etiam
845 3053 879 3114 in
898 3051 1009 3134 lingua
1029 3052 1193 3114 communi
1213 3049 1306 3126 ἡμεῖς,
1321 3055 1357 3114 ut
1375 3069 1448 3113 nos
1469 3049 1553 3132 apud

433 3165 563 3229 Latinos
586 3184 830 3248 nonnumquam
854 3163 957 3227 solum
978 3163 1161 3246 loquentem
1181 3167 1308 3246 spectat,
1320 3167 1351 3226 et
1368 3163 1404 3224 in
1416 3166 1554 3245 utroque

435 3298 580 3343 sermone
614 3279 717 3361 prima
747 3296 882 3361 persona
912 3276 1045 3360 pluralis
1076 3276 1204 3340 numeri
1233 3295 1290 3358 pro
1321 3274 1475 3358 singulari
1506 3276 1554 3337 uti

357 3400 360 3406 ’
433 3392 532 3456 licuit.
568 3390 671 3467 Quam
705 3410 781 3455 reru
811 3391 906 3474 longe
939 3394 1044 3474 pateat
1078 3389 1163 3473 apud
1197 3390 1388 3453 recentiores
1418 3388 1553 3472 populos

435 3509 528 3572 etiam
552 3509 587 3569 in
610 3506 750 3570 secunda
771 3511 990 3589 personatam
1015 3503 1185 3568 verborum
1210 3523 1305 3586 quam
1328 3504 1552 3586 pronominum

433 3621 519 3684 idem
554 3618 678 3683 dicendi
713 3618 935 3700 scribendique
971 3637 1059 3700 usus,
1097 3636 1191 3680 nemo
1226 3615 1387 3679 docendus
1419 3621 1474 3679 est.
1506 3613 1554 3678 De

435 3732 552 3817 plurali
585 3733 759 3796 maiestatis
790 3731 876 3814 apud
904 3729 1045 3811 Latinos,
1068 3730 1230 3812 sequiores
1252 3729 1447 3813 praesertim,
1469 3727 1553 3790 lectu

435 3847 531 3930 digna
565 3851 640 3910 sunt
677 3863 758 3928 quae
792 3845 918 3927 scripsit
951 3842 1082 3906 Ennius
1117 3840 1302 3924 Onsrmrrn,
1336 3840 1474 3905 Rerue
1508 3840 1555 3903 de

434 3958 683 4042 Philologie
708 3957 804 4040 1880,
829 3959 848 4019 2
871 3956 973 4038 livr,
995 3976 1024 4039 p.
1051 3956 1114 4018 129
1138 3956 1246 4020 suiv.

479 4179 604 4265 Olymp.
627 4179 678 4244 IX
701 4181 752 4242 89.
1119 4271 1122 4277 Ι

623 4285 675 4355 οἷον
700 4291 726 4354 δ’
750 4291 779 4354 ἕν
802 4290 958 4369 Μαραθῶνι
981 4287 1172 4362 συλαθεὶς
1195 4288 1330 4366 ιέγενείωι

624 4402 707 4480 μένεν
730 4402 833 4479 ιὲγῶνιι
856 4399 1054 4482 πρεσβυτέρων
1076 4401 1162 4481 ἀμφ’
1185 4397 1395 4482 ἀργυρίδεσσιν.

477 4517 647 4600 Ingeniosa
677 4516 808 4600 Bergkii
838 4521 886 4578 est
908 4516 1089 4578 coniectura
1112 4507 1208 4578 ιῖιιν
1231 4535 1287 4598 pro
1312 4509 1400 4586 οἷον,
1425 4515 1543 4598 optimo
