3626 5598
789 717 830 780 33

290 902 329 966 V.
353 902 426 966 133.
455 900 479 964 ol
508 901 534 965 δ’
558 899 732 966 ε’Πέοτοντο.
766 899 864 963 Error
880 918 938 983 per
960 899 1115 963 editiones
1139 898 1274 979 turpiter
1297 851 1370 979 pro-

245 1019 379 1099 pagatus
400 1033 457 1097 pro
476 1010 652 1076 ἐ’Φέστοντο.
676 1011 760 1076 Nem
783 1008 925 1086 ἑσπόμην·
941 1009 1035 1075 habet
1047 1009 1196 1093 spiritum
1209 1026 1365 1090 asperum.

289 1221 329 1286 V.
354 1221 426 1287 136.
449 1223 561 1302 Τυροῦς
584 1216 840 1300 ε’ροοΣΙτλοκοθροον.

291 1334 362 1400 Ηοο
394 1335 476 1400 foret
520 1334 818 1398 cincinnorum
863 1351 1020 1412 emens,
1060 1335 1099 1395 ut
1141 1327 1369 1393 carminum

247 1451 375 1514 amice
396 1445 590 1527 ipaelpourror
612 1452 723 1531 aptum
746 1451 794 1510 est
816 1444 943 1508 Thaliae
966 1444 1128 1528 epitheton
1149 1441 1185 1506 0.
1209 1441 1294 1505 XIV
1320 1442 1371 1524 lo,

247 1560 304 1626 sed
337 1561 634 1624 cincinnorum
668 1577 810 1623 emens
845 1575 911 1620 non
941 1557 1005 1621 nisi
1036 1559 1073 1619 in
1103 1556 1261 1639 vituperio
1294 1555 1371 1638 poni

247 1677 376 1758 poteret.
397 1671 530 1756 Scripsit
549 1690 624 1736 vero
643 1670 813 1752 Pindarus,
824 1672 858 1734 ni
869 1669 970 1752 fallor,
982 1664 1260 1748 ε’ρνιΤοτλοκθμου,
1283 1667 1371 1751 pul-

248 1786 358 1850 chris
380 1786 611 1867 cincinnis,
635 1789 672 1848 ut
693 1783 811 1867 legitur
833 1783 918 1866 opud
942 1780 1106 1866 Orpheum
1128 1779 1169 1844 H.
1196 1781 1249 1863 42,
1270 1781 1300 1844 2.
1326 1779 1370 1844 of.

234 1896 387 1978 Ιἐροιτοῖντνς
406 1903 439 1963 et
459 1896 640 1978 ε’ροντθχροος.

291 2093 331 2157 V.
356 2093 429 2157 142.
783 2091 841 2170 μθοο
862 2099 971 2156 ΒΟΤΣ
999 2091 1105 2171 Κρηθεῖ
1124 2114 1158 2154 τε
1181 2087 1279 2171 μοθτνρ

457 2201 507 2267 κονθ
530 2203 708 2283 θρασυμήδεϊ
727 2210 893 2281 Σονλροωνεῑ.

291 2317 511 2399 Invenustem,
535 2319 679 2401 quinimo
703 2317 931 2400 incredibilem,
953 2318 1122 2382 lectionem
1140 2315 1261 2380 frustra
1272 2317 1370 2380 inter·

249 2437 353 2516 pretes
374 2433 465 2513 tueri,
488 2432 652 2496 ostendere
675 2431 813 2498 conober
835 2432 950 2498 Pind.
974 2434 1024 2515 16,
1044 2438 1075 2498 et
1096 2432 1215 2516 protuli
1237 2432 1372 2516 suspici·

249 2564 352 2627 onem,
377 2544 569 2609 vocabulum
593 2547 771 2629 antiquitus
793 2565 898 2611 errore
922 2551 1033 2610 netum
1056 2564 1126 2612 esse
1149 2565 1191 2610 ex
1212 2544 1364 2610 Boeotico

249 2665 335 2721 ΦΟΤ
358 2659 426 2739 (ie.
449 2661 506 2739 φῦ)
530 2658 612 2722 mele
633 2658 801 2741 intellecto,
823 2676 883 2722 neo
904 2663 994 2723 muto
1018 2658 1215 2722 sententiam.

291 2865 331 2930 V.
357 2866 428 2930 139.
452 2862 511 2928 ἕντθ
535 2866 590 2942 μὲν
612 2865 721 2929 θνοντῶν
744 2863 846 2946 Φρένες
868 2861 1068 2945 ὠκύτεραι

459 2975 554 3058 κέρδος
575 2978 693 3052 ονθνῆοονν
715 2979 767 3058 πρὸ
790 2976 873 3060 δίκοος
896 2976 995 3041 δθλνον.

293 3089 366 3154 Non
400 3093 559 3175 persuasit
580 3092 660 3155 mihi
681 3090 788 3155 Neber
811 3092 971 3155 coniciens
994 3087 1121 3154 θκθντο
1128 3111 1191 3170 ρον.
1213 3089 1371 3174 Equidem

248 3203 283 3266 in
306 3206 519 3288 comparativo
542 3205 595 3268 hio
618 3224 684 3268 non
702 3206 804 3288 magis
825 3203 939 3268 haereo
951 3223 1047 3287 quum
1060 3201 1370 3268 v.c.Nem.XI22:

249 3314 370 3388 ἐλπίδες
404 3317 430 3380 δ’
465 3313 715 3397 ὀκνηρότερον
748 3314 853 3394 γονέων
886 3314 990 3386 τοονδθς
1021 3312 1092 3392 βθοον
1116 3311 1186 3393 ἔχον
1209 3315 1238 3377 ἐν
1261 3315 1372 3379 Πυθῶνι

249 3429 397 3508 τενροῖοθοον
417 3426 469 3491 καὶ
489 3427 650 3510 Ὀλυμπίᾳ
661 3426 779 3491 ἀέθλων.
793 3427 1033 3512 Comparativus
1046 3426 1166 3491 Graece
1177 3445 1271 3511 saepe
1282 3428 1374 3510 poni·

251 3544 305 3602 tur
327 3543 364 3604 ut
381 3539 467 3623 opud
485 3537 624 3621 Latinos
635 3545 672 3603 ut
689 3540 775 3604 iusto
789 3541 939 3603 maiorem
951 3540 1086 3623 gradum
1098 3538 1262 3623 significet.
1274 3538 1373 3604 Verte

251 3651 494 3734 celeriores,
516 3653 574 3716 ie.
598 3653 694 3736 plus
717 3671 851 3736 aequo
875 3652 1048 3718 celeres.
1070 3652 1183 3736 Neque
1203 3672 1240 3716 eo
1261 3653 1373 3717 confu-

249 3766 345 3848 gium,
368 3769 405 3830 ut
427 3766 530 3829 dicam
552 3765 729 3830 Pindarum
747 3766 799 3829 hic
818 3767 983 3850 scripsisse
1004 3765 1057 3846 πρὸ
1076 3763 1160 3837 δθκοος
1179 3785 1237 3849 pro
1249 3761 1266 3837 ἢ
1279 3762 1372 3828 δίκον.

294 3961 333 4025 V.
358 3963 430 4027 154.
453 3961 521 4027 ἄνευ
543 3961 634 4039 ξυνοῖς
655 3962 749 4036 dulor,
775 3964 868 4029 sine
891 3964 1103 4028 communi
1126 3963 1285 4048 dolore,
1313 3962 1374 4026 i.'e.

252 4074 322 4138 sine
343 4076 422 4138 rixa.
444 4075 518 4140 Non
540 4077 699 4141 intellexit
720 4074 857 4160 Merger.

295 4269 335 4334 V.
361 4271 433 4334 163.
745 4268 957 4348 μεμάντεομονν
980 4269 1006 4334 δ’
1029 4268 1076 4335 ἐντὶ
1099 4268 1239 4352 Κοοςοολθρι

339 4383 362 4448 εἰ
382 4379 639 4459 μετάλλατόν
661 4403 698 4444 τν.
723 4379 775 4445 κον)
796 4382 834 4453 ὥς
853 4379 951 4460 τοθχος
964 4379 1073 4462 ’θτρθνεν
1086 4382 1188 4464 (deus)
1201 4379 1371 4461 μετεθχενν

1110 4489 1172 4578 [νοῒ
1189 4491 1325 4572 τορντοθν.

1258 4606 1273 4655 8
