3626 5598
956 681 996 742 16

456 863 581 948 Olymp.
603 864 669 927 VH
692 866 720 928 9.
743 862 913 938 ἱλάσκομαι,
937 847 1050 928 Ποιωιο
1063 861 1206 934 excae.
1220 865 1399 948 significare
1413 868 1534 948 nequit,

414 976 500 1059 quod
534 981 668 1040 sumunt
701 975 910 1040 Scholiasiam
944 978 1045 1040 secuti
1079 978 1277 1060 interpretes,
1308 975 1421 1056 Ξλοοροὺς
1455 980 1534 1050 ποιῶ,

413 1087 564 1168 εὐφροιένω,
590 1090 645 1154 sed
667 1090 717 1152 hic
739 1093 787 1154 est
810 1089 897 1172 qued
919 1108 1045 1174 semper
1064 1095 1095 1154 et
1118 1089 1246 1173 ubique,
1267 1086 1366 1162 ἱλοέονς
1379 1092 1534 1165 ποιοῦμοιι,

414 1203 625 1287 propitios
649 1203 753 1266 mihi
776 1203 921 1284 reddo,
944 1208 1099 1286 tanquam
1124 1203 1208 1285 deca,
1233 1222 1314 1286 quos
1338 1203 1468 1284 hymnis
1481 1203 1538 1265 ho·

414 1334 575 1380 notamus.
607 1313 844 1400 Olympionices
867 1315 983 1380 divinis
1005 1334 1106 1400 paene
1130 1315 1305 1380 honoribus
1330 1314 1444 1380 Graeci
1466 1334 1539 1400 pro·

414 1427 638 1514 sequebantur.
660 1427 822 1492 Pinder.
849 1429 900 1492 ll.

459 1623 499 1690 V.
523 1626 573 1690 58.
596 1624 736 1697 ἀπεόντος
757 1623 784 1688 δ’
808 1622 885 1696 οὔτις
907 1621 1081 1700 ἔνδειξεν
1104 1625 1202 1705 λέχος
1222 1623 1347 1690 Ἀελίου.

461 1740 546 1804 Ante
568 1740 627 1804 hos
649 1739 890 1824 quatuordecim
908 1759 1009 1804 annos
1022 1741 1058 1803 in
1076 1738 1542 1804 Animadversionibus

417 1852 513 1936 phil.
537 1852 584 1916 ad
605 1850 890 1937 Theognidem
913 1871 983 1936 pag.
1005 1852 1046 1914 75
1070 1851 1139 1915 dixi
1158 1850 1541 1916 Pindarumridsrimihi

419 1966 583 2050 scripsisse
612 1962 786 2045 ἔνριψεν,
822 1985 919 2048 quam
943 1966 1159 2030 coniecturam
1182 1984 1270 2030 nunc
1290 1966 1404 2050 repetit
1425 1963 1546 2029 Naber.

365 2066 368 2073 ’
419 2077 459 2142 In
478 2077 723 2142 Pindaricis
745 2077 879 2142 fortasse
901 2078 972 2142 ideo
993 2096 1059 2141 non
1078 2077 1140 2142 feci
1157 2079 1361 2160 mentionem,
1375 2078 1461 2162 quod
1475 2096 1546 2142 coe-

419 2209 527 2274 peram
554 2189 699 2254 dubitare
721 2190 822 2254 hocne
845 2191 953 2254 verius
980 2195 1072 2272 esset,
1096 2210 1137 2253 en
1160 2183 1321 2262 ἤνεικεν.
1348 2189 1445 2255 Nunc
1468 2209 1543 2254 cum

419 2314 456 2375 in
466 2303 549 2369 idem
562 2304 709 2368 inciderit
719 2302 835 2387 Nabar,
846 2306 966 2369 maiore
977 2303 1097 2369 fiducia
1109 2309 1216 2388 repeto
1229 2304 1315 2388 quod
1326 2305 1401 2368 olim
1412 2306 1543 2390 repperi.

464 2499 504 2564 V.
529 2501 578 2565 73.
602 2498 730 2580 Κοὶμιρον
764 2520 819 2584 pro
855 2498 996 2580 Κοέμειρον
1033 2520 1075 2566 ex
1110 2502 1244 2566 vetustis
1280 2503 1381 2567 titulis
1416 2503 1543 2568 restitui

421 2611 536 2678 Pind.
561 2613 612 2678 ll.

466 2810 506 2875 V.
531 2813 572 2876 93
595 2810 638 2889 μὴ
661 2809 770 2892 κρύπτε
792 2811 916 2876 κοινὸν
938 2809 1047 2891 σπέρμ’
1073 2811 1133 2876 οέπὸ
1156 2809 1391 2885 Κοιλλιοένοικτος.

469 2922 553 3000 Quid
586 2926 728 3007 requirat
762 2926 928 3007 sententia,
961 2927 1065 2989 sensit
1098 2925 1282 2990 scholiasta:
1308 2923 1352 3001 μὶν
1383 2923 1491 3005 κρύπτε
1513 2924 1547 2989 τὸ

424 3036 512 3101 κοινὸν
542 3033 594 3101 κοο1
618 3035 805 3109 διάδηλον
827 3042 910 3109 τοῖς
933 3044 1103 3108 πολλοῖς
1126 3060 1153 3100 τ.
1179 3045 1212 3100 Κ.
1238 3035 1331 3114 γένος,
1357 3038 1412 3102 sed
1436 3038 1547 3122 depre-

423 3156 528 3214 vatam
558 3150 728 3215 lectionem
750 3152 976 3234 interpretatus
1000 3155 1056 3215 est.
1079 3149 1201 3213 Verum
1225 3150 1354 3214 videtur
1373 3147 1547 3223 κλεινάν,

425 3263 609 3348 quodcum
631 3262 726 3328 κοιινόν
749 3269 780 3328 et
802 3261 890 3327 κοινόν
913 3263 1069 3327 confundi
1095 3263 1218 3328 assolet.
1241 3262 1358 3326 Pind.
1384 3262 1435 3327 11.

468 3461 508 3525 V.
533 3464 583 3527 52.
606 3459 677 3541 ἔργον
699 3461 731 3526 δὲ
753 3459 907 3541 ζωοῖσιν
931 3459 1099 3543 ἑρπόντεσσί
1120 3462 1143 3526 θ’
1169 3461 1258 3540 ὁμοῖοι
1281 3459 1405 3526 κέλευθοι
1429 3459 1522 3543 φέρον.

471 3575 602 3660 Ambigi
631 3581 734 3660 potest
762 3580 873 3640 utrum
894 3581 978 3641 recte
1001 3576 1215 3640 Alexandrini
1238 3594 1349 3640 vocem
1373 3578 1548 3640 ΖΩΟΙΟΙΝ

427 3689 487 3752 hcc
508 3675 641 3753 accentu
663 3689 860 3769 donaverint,
883 3707 926 3751 an
949 3693 1042 3772 poeta
1064 3690 1172 3772 potius
1196 3688 1334 3753 voluerit
1344 3688 1547 3773 participium

427 3799 548 3882 ζώοιτιν.
571 3801 706 3867 Dubites
729 3805 815 3866 enim
838 3801 979 3866 adhibito
1003 3801 1072 3865 loco
1095 3801 1120 3865 Ι.
1145 3801 1211 3865 VH
1236 3802 1295 3866 30:

639 3916 718 3982 ἆςῶν
740 3919 827 3998 γενεᾷ
851 3913 973 3993 μένιςον
997 3912 1079 3987 κλέος
1102 3910 1198 3988 οιῦξοιν

640 4028 738 4110 ζώων
756 4030 785 4092 τ’
808 4029 868 4094 οὶπὸ
887 4026 939 4093 κοο1
963 4027 1093 4102 έοινιέν,
1119 4031 1139 4092 1.
1152 4048 1178 4094 e.
1202 4026 1255 4092 κκ1
1278 4027 1437 4094 ἀποθοινέιν.

477 4143 521 4209 uf.
556 4143 649 4228 Scph.
680 4142 715 4207 0.
747 4142 779 4207 Ο.
811 4145 884 4206 390.
914 4143 989 4208 Ant.
1014 4143 1087 4207 210.
1116 4141 1261 4207 esau.
1287 4143 1336 4205 73.
1360 4143 1434 4207 806.
1460 4142 1554 4207 1111.

435 4258 602 4322 1163111.
628 4258 721 4322 1385.
744 4257 802 4321 Ph.
826 4258 890 4320 412
915 4258 982 4337 (ubi
1006 4263 1113 4322 tamen
1135 4257 1243 4320 malim
1266 4256 1317 4319 οὐκ
1340 4248 1373 4329 ἦν
1396 4251 1438 4320 ἔτι
1461 4251 1551 4345 ζὼς).

433 4371 547 4436 Aesch.
566 4371 649 4455 Sept.
675 4372 769 4435 1034.
791 4372 852 4454 Ag.
878 4371 949 4434 630.
975 4369 1029 4435 Oh.
1054 4370 1126 4433 886.
1152 4370 1224 4432 915.
1251 4366 1345 4433 1043.
1366 4367 1415 4432 ur.
1430 4368 1502 4449 133,
1514 4367 1554 4431 al.

434 4485 497 4550 Sed
526 4485 598 4549 vide
626 4483 651 4549 I.
674 4484 724 4548 ΙΠ
749 4485 788 4549 10
812 4481 956 4563 μοιρτύριοι
978 4480 1126 4564 φθιμένων
1148 4479 1251 4562 ζοοῶν
1275 4505 1308 4546 τε
1330 4482 1444 4564 φωτῶν.
1473 4478 1556 4546 Oum
