3626 5598
808 698 847 760 17

263 889 363 972 igitur
392 892 503 969 poetae
533 884 632 948 Attici
664 885 699 947 in
723 882 839 949 talibus
864 882 1067 966 participium
1092 879 1247 943 adiectivo
1270 877 1389 962 praefe-

264 1004 344 1082 rant,
367 998 543 1062 Pindarum
568 1002 741 1079 utrumque
768 997 837 1059 sine
857 995 1039 1058 discrimine
1060 991 1242 1056 adhibuisse
1256 995 1392 1075 apparet.

311 1193 436 1278 Olymp.
459 1193 541 1257 VIII
567 1194 616 1256 11.
638 1190 755 1264 ἕσπητ’.
769 1192 976 1256 Portentosae
988 1190 1108 1253 formae
1121 1188 1217 1252 fidem
1230 1187 1390 1271 denegans

268 1307 378 1371 Pind.
411 1308 450 1369 11
479 1307 531 1370 hin
554 1305 786 1370 substituebam
811 1302 855 1368 θεν
879 1302 1002 1375 σπῆσ’,
1028 1300 1063 1365 Ο.
1086 1300 1138 1364 IX
1161 1301 1203 1363 83
1228 1306 1258 1364 et
1282 1299 1316 1362 P.
1344 1299 1383 1360 17

268 1417 455 1483 σθσπσιπσ
477 1438 534 1502 pro
558 1414 682 1489 ἕσποιτο,
708 1415 743 1479 Ο.
767 1416 798 1478 V
822 1417 864 1479 63
883 1436 957 1480 cum
977 1415 1115 1498 Berghio
1136 1413 1193 1494 (ed.
1214 1412 1259 1494 II)
1279 1409 1391 1491 ἔπρα-

268 1531 326 1594 θσν
346 1529 418 1594 σπθ
425 1552 532 1606 μενον
558 1548 613 1614 pro
637 1526 741 1606 πρθθσν
763 1526 924 1604 ἑσπόμενοι.
951 1528 974 1590 I.
999 1526 1048 1590 VI
1069 1528 1108 1589 17
1132 1527 1252 1590 conieci
1272 1547 1388 1605 προσεν-

268 1643 343 1708 νέπω
365 1643 501 1723 ἀνδρὸς
526 1641 726 1722 Φνλπσθπσν
749 1641 779 1726 ss
801 1639 968 1704 σπέσθαι
991 1636 1164 1710 κλνσαές
1187 1637 1298 1717 Μοίρας
1319 1638 1389 1717 ἑφε-

269 1763 364 1834 πμαῖς
387 1778 443 1842 pro
467 1755 643 1837 προσεννέπω
668 1753 857 1818 ἑσπέσθαι
881 1751 1049 1824 aluvala
1066 1753 1096 1838 s(
1114 1753 1252 1832 σένδρθς
1271 1751 1393 1832 Φίλαν

270 1877 313 1934 Μ.
339 1870 373 1943 έ.,
397 1875 452 1935 aut
472 1867 670 1933 αἰδεῖσθαι
691 1887 746 1952 pro
767 1866 904 1930 ἑσπέσθαι
924 1873 955 1930 et
972 1865 1173 1942 ἐφετμαῖς
1193 1865 1393 1946 (Acoheol.)

268 2004 326 2068 pro
350 1984 510 2063 ἐφετμαῖς.
534 1982 657 2046 Varum
679 1983 707 2046 si
726 1982 802 2062 vidi,
823 1980 957 2044 verbum
976 1981 1187 2063 compositum
1210 1976 1390 2051 συνέπεσθαι,

271 2097 358 2181 quod
376 2080 474 2160 hodie
494 2095 578 2178 apud
600 2093 777 2158 Pindarum
801 2114 866 2158 non
890 2094 1015 2176 legitur,
1037 2091 1086 2156 bis
1107 2091 1389 2160 oblitteratumest.

270 2211 311 2275 In
333 2213 373 2274 ils
399 2229 481 2293 quae
504 2209 620 2273 Pind.
643 2209 664 2271 1.
688 2209 707 2271 l.
731 2209 771 2272 ad
791 2229 837 2272 vs.
861 2209 901 2270 81
928 2208 1078 2270 annotavi
1100 2206 1212 2269 calami
1231 2205 1324 2289 lapsu
1344 2205 1393 2268 bIs

271 2323 583 2389 Alcidamantis
625 2340 682 2405 pro
717 2321 1029 2385 Alcimedontis
1063 2320 1193 2383 nomine
1230 2318 1292 2401 legi
1327 2319 1394 2381 ani-

273 2438 445 2501 madverte.

316 2634 355 2696 V.
370 2636 421 2697 54.
442 2633 465 2696 al
477 2633 503 2696 δ’
525 2631 597 2709 ἐγὼ
617 2630 753 2705 Μιλησία
764 2627 797 2704 έξ
809 2629 944 2708 σξρένεέων
956 2630 1041 2701 κῦδος
1061 2627 1283 2709 ἀνέδραμον
1304 2625 1394 2706 ὕμνῳ.

316 2746 418 2812 Teneo
454 2746 540 2830 quod
571 2747 690 2810 conleoi
722 2746 799 2809 olim
822 2745 869 2808 ad
890 2744 1170 2828 Theognidem
1194 2763 1263 2826 pag.
1289 2742 1347 2804 75:
1372 2740 1396 2802 εἰ

274 2858 299 2922 δ’
323 2858 398 2937 ἐμῷ
422 2895 464 2906 -
483 2858 569 2929 κῦδος
591 2856 818 2936 ἀνέδραμεν
841 2853 929 2936 ὕμνῳ.
955 2855 1135 2920 Barbarum
1161 2853 1392 2935 θεῒθνέδραΠον.

320 3056 357 3119 V.
381 3057 433 3119 41.
455 3052 552 3118 ἔννεπε
575 3056 601 3118 δ’
625 3053 721 3118 ανπθσν
744 3052 939 3133 θρμαθνων
960 3051 1044 3132 πέρας
1066 3051 1148 3124 εὐθὺς
1172 3051 1339 3115 Ἀπόλλων.

318 3168 427 3234 Placet
458 3188 581 3253 nupera
607 3168 754 3232 Pritschii
786 3168 967 3232 coniectura
990 3165 1129 3246 dadai
1135 3189 1217 3236 νων,
1242 3167 1278 3229 in
1300 3186 1397 3250 quam

276 3287 308 3348 et
330 3284 398 3367 ipse
420 3283 605 3347 incideram.

323 3477 447 3562 Olymp.
481 3477 533 3542 IX
569 3478 618 3540 78.
654 3476 734 3541 Cum
765 3476 891 3542 Nabaro
925 3481 1107 3561 suspectum
1139 3475 1239 3541 habeo
1262 3477 1396 3541 verbum

238 3581 240 3586 ¹
279 3592 429 3656 traditum
461 3587 641 3664 ταξιοῦσθαι.
672 3590 755 3654 Nam
783 3610 857 3655 cum
880 3592 979 3654 altum
1004 3591 1089 3674 apud
1111 3590 1336 3673 grammaticos
1361 3591 1399 3655 de

278 3711 341 3770 tam
372 3708 454 3769 mIro
485 3705 640 3769 vocabulo
671 3709 720 3770 est
751 3705 922 3788 silentium,
945 3711 1013 3768 tum
1043 3705 1188 3788 analogia
1211 3685 1400 3770 destitutum

278 3820 413 3901 videtur,
436 3818 595 3902 siquidem
631 3817 728 3882 verba
750 3819 786 3880 in
807 3815 842 3881 θα
868 3817 907 3881 ab
927 3817 1099 3898 adiectivis
1123 3837 1188 3898 non
1211 3838 1231 3880 a
1252 3817 1400 3882 substan·

278 3932 362 4013 tivis,
392 3932 522 3996 formari
557 3932 702 3996 assolent.
743 3929 893 3995 Ceterum
927 3932 1003 3994 satis
1038 3936 1109 4013 apta
1139 3936 1186 3994 est
1210 3931 1397 3994 scholiastae

278 4045 492 4127 interpretatio
533 4042 783 4123 παρατρέπεσθαι,
827 4063 886 4107 nec
919 4043 1005 4126 quod
1040 4043 1230 4107 substituam
1266 4045 1398 4126 reperio,

279 4175 355 4218 nam
390 4156 627 4227 deamicitia,
652 4157 691 4222 de
715 4175 779 4238 quo
804 4157 954 4239 cogitarit
975 4155 1091 4238 Nabar,
1114 4175 1154 4219 ne
1172 4157 1304 4239 cogitari
1328 4157 1398 4239 qui-

280 4269 351 4333 dem
374 4287 469 4353 posse
491 4268 695 4332 manifestum
720 4273 775 4331 est.
800 4265 873 4331 Vid.
896 4267 1105 4332 Addenda.
1190 4253 1197 4268 ’

324 4383 414 4447 Idem
445 4383 495 4444 vir
524 4382 636 4445 doctus
667 4381 706 4445 do
736 4379 883 4460 σφετέρας
916 4381 945 4444 h.
968 4382 987 4443 l.
1017 4382 1182 4464 disputans
1206 4401 1274 4465 pag.
1299 4383 1340 4444 32
1354 4401 1399 4464 sq.

280 4497 384 4560 attulit
406 4501 520 4560 notum
542 4494 695 4575 Aeschyli
716 4494 824 4558 locum
848 4513 865 4557 e
887 4494 994 4558 Persis
1020 4515 1064 4558 vs.
1092 4494 1172 4558 900:

1286 4605 1301 4652 a
