<?xml version="1.0" encoding="UTF-8"?>
<!DOCTYPE html PUBLIC "-//W3C//DTD XHTML 1.0 Transitional//EN"
    "http://www.w3.org/TR/xhtml1/DTD/xhtml1-transitional.dtd">
<html xmlns="http://www.w3.org/1999/xhtml" xml:lang="en" lang="en">
 <head>
  <title>
</title>
<meta http-equiv="Content-Type" content="text/html;charset=utf-8" />
  <meta name='ocr-system' content='tesseract 3.04.00' />
  <meta name='ocr-capabilities' content='ocr_page ocr_carea ocr_par ocr_line ocrx_word'/>
</head>
<body>
  <div class='ocr_page' id='page_1' title='image "./studiacriticaet00herwgoog_0018.png"; bbox 0 0 3626 5598; ppageno 0'>
   <div class='ocr_carea' id='block_1_1' title="bbox 809 714 848 776">
    <p class='ocr_par' dir='ltr' id='par_1_1' title="bbox 809 714 848 776">
     <span class='ocr_line' id='line_1_1' title="bbox 809 714 848 776; baseline 0 0"><span class='ocrx_word' id='word_1_1' title='bbox 809 714 848 776; x_wconf 80' lang='lat'>11</span> 
     </span>
    </p>
   </div>
   <div class='ocr_carea' id='block_1_2' title="bbox 267 896 1389 1541">
    <p class='ocr_par' dir='ltr' id='par_1_2' title="bbox 267 896 1389 1541">
     <span class='ocr_line' id='line_1_2' title="bbox 313 896 1389 984; baseline 0.002 -22"><span class='ocrx_word' id='word_1_2' title='bbox 313 897 387 962; x_wconf 86' lang='lat' dir='ltr'>Non</span> <span class='ocrx_word' id='word_1_3' title='bbox 412 898 494 962; x_wconf 84' lang='lat' dir='ltr'>malo</span> <span class='ocrx_word' id='word_1_4' title='bbox 516 896 623 962; x_wconf 85' lang='lat' dir='ltr'>Naber</span> <span class='ocrx_word' id='word_1_5' title='bbox 644 900 768 977; x_wconf 82' lang='grc' dir='ltr'><em>Φιλών</em></span> <span class='ocrx_word' id='word_1_6' title='bbox 791 899 925 963; x_wconf 89' lang='lat' dir='ltr'>coniecit</span> <span class='ocrx_word' id='word_1_7' title='bbox 944 919 1000 983; x_wconf 90' lang='lat' dir='ltr'>pro</span> <span class='ocrx_word' id='word_1_8' title='bbox 1021 897 1200 984; x_wconf 70' lang='lat' dir='ltr'>liucaipse</span> <span class='ocrx_word' id='word_1_9' title='bbox 1223 899 1389 964; x_wconf 83' lang='lat' dir='ltr'>Pindar.</span> 
     </span>
     <span class='ocr_line' id='line_1_3' title="bbox 269 1011 648 1094; baseline -0.003 -20"><span class='ocrx_word' id='word_1_10' title='bbox 269 1030 340 1094; x_wconf 78' lang='lat' dir='ltr'>pag.</span> <span class='ocrx_word' id='word_1_11' title='bbox 366 1011 385 1074; x_wconf 83' lang='lat'>9</span> <span class='ocrx_word' id='word_1_12' title='bbox 406 1029 648 1094; x_wconf 86' lang='lat' dir='ltr'>proposueram:</span> 
     </span>
     <span class='ocr_line' id='line_1_4' title="bbox 668 1120 1128 1204; baseline 0.002 -19"><span class='ocrx_word' id='word_1_13' title='bbox 668 1120 760 1195; x_wconf 87' lang='grc' dir='ltr'><em>νἰλλώ,</em></span> <span class='ocrx_word' id='word_1_14' title='bbox 784 1121 906 1203; x_wconf 78' lang='grc' dir='ltr'><em>μώργων</em></span> <span class='ocrx_word' id='word_1_15' title='bbox 928 1122 1000 1203; x_wconf 71' lang='grc' dir='ltr'>γὰρ</span> <span class='ocrx_word' id='word_1_16' title='bbox 1023 1123 1128 1204; x_wconf 70' lang='grc' dir='ltr'><em>ἀνδρῶν</em></span> 
     </span>
     <span class='ocr_line' id='line_1_5' title="bbox 456 1234 1208 1317; baseline 0.003 -19"><span class='ocrx_word' id='word_1_17' title='bbox 456 1234 489 1300; x_wconf 82' lang='grc' dir='ltr'>πὸ</span> <span class='ocrx_word' id='word_1_18' title='bbox 513 1241 696 1313; x_wconf 74' lang='grc' dir='ltr'><em>λαλαγῆσαι,</em></span> <span class='ocrx_word' id='word_1_19' title='bbox 720 1234 807 1299; x_wconf 82' lang='grc' dir='ltr'><em>όέλων</em></span> <span class='ocrx_word' id='word_1_20' title='bbox 830 1235 937 1317; x_wconf 78' lang='grc' dir='ltr'><em>κρύφον</em></span> <span class='ocrx_word' id='word_1_21' title='bbox 960 1235 1125 1314; x_wconf 79' lang='grc' dir='ltr'><em>τιθέμεν</em></span> <span class='ocrx_word' id='word_1_22' title='bbox 1148 1237 1208 1301; x_wconf 82' lang='grc' dir='ltr'>κσὲ.</span> 
     </span>
     <span class='ocr_line' id='line_1_6' title="bbox 314 1343 1389 1435; baseline 0.006 -27"><span class='ocrx_word' id='word_1_23' title='bbox 314 1343 417 1410; x_wconf 73' lang='grc' dir='ltr'><em>Ἀλλὰ</em></span> <span class='ocrx_word' id='word_1_24' title='bbox 439 1383 481 1393; x_wconf 92' lang='grc'><strong>-</strong></span> <span class='ocrx_word' id='word_1_25' title='bbox 504 1346 562 1427; x_wconf 70' lang='grc' dir='ltr'>γὰρ</span> <span class='ocrx_word' id='word_1_26' title='bbox 585 1348 775 1432; x_wconf 89' lang='lat' dir='ltr'>plerumque</span> <span class='ocrx_word' id='word_1_27' title='bbox 800 1349 929 1433; x_wconf 90' lang='lat' dir='ltr'>quidem</span> <span class='ocrx_word' id='word_1_28' title='bbox 952 1351 1038 1434; x_wconf 85' lang='lat' dir='ltr'>apud</span> <span class='ocrx_word' id='word_1_29' title='bbox 1060 1355 1207 1415; x_wconf 85' lang='lat' dir='ltr'>nostrum</span> <span class='ocrx_word' id='word_1_30' title='bbox 1231 1356 1279 1416; x_wconf 87' lang='lat' dir='ltr'>est</span> <span class='ocrx_word' id='word_1_31' title='bbox 1301 1351 1389 1435; x_wconf 87' lang='lat' dir='ltr'>ellip-</span> 
     </span>
     <span class='ocr_line' id='line_1_7' title="bbox 267 1458 679 1541; baseline 0.01 -21"><span class='ocrx_word' id='word_1_32' title='bbox 267 1458 376 1541; x_wconf 90' lang='lat' dir='ltr'>tioum,</span> <span class='ocrx_word' id='word_1_33' title='bbox 400 1459 456 1523; x_wconf 85' lang='lat' dir='ltr'>sed</span> <span class='ocrx_word' id='word_1_34' title='bbox 479 1459 516 1522; x_wconf 85' lang='lat' dir='ltr'>cf.</span> <span class='ocrx_word' id='word_1_35' title='bbox 540 1460 575 1523; x_wconf 92' lang='lat' dir='ltr'>P.</span> <span class='ocrx_word' id='word_1_36' title='bbox 598 1460 615 1523; x_wconf 94' lang='lat' dir='ltr'>l</span> <span class='ocrx_word' id='word_1_37' title='bbox 638 1462 679 1524; x_wconf 84' lang='lat'>85</span> 
     </span>
    </p>
   </div>
   <div class='ocr_carea' id='block_1_3' title="bbox 457 1595 1389 1790">
    <p class='ocr_par' dir='ltr' id='par_1_3' title="bbox 457 1595 1389 1790">
     <span class='ocr_line' id='line_1_8' title="bbox 675 1595 1389 1680; baseline 0.004 -19"><span class='ocrx_word' id='word_1_38' title='bbox 675 1597 746 1662; x_wconf 85' lang='grc' dir='ltr'><em>ώλλ’</em></span> <span class='ocrx_word' id='word_1_39' title='bbox 771 1595 859 1675; x_wconf 83' lang='grc' dir='ltr'><em>όμως,</em></span> <span class='ocrx_word' id='word_1_40' title='bbox 883 1597 1005 1679; x_wconf 79' lang='grc' dir='ltr'><em>κρέσσων</em></span> <span class='ocrx_word' id='word_1_41' title='bbox 1029 1597 1086 1680; x_wconf 76' lang='grc' dir='ltr'>γαρ</span> <span class='ocrx_word' id='word_1_42' title='bbox 1108 1598 1253 1679; x_wconf 76' lang='grc' dir='ltr'><strong><em>οἰκτιρμοῦ</em></strong></span> <span class='ocrx_word' id='word_1_43' title='bbox 1275 1596 1389 1680; x_wconf 81' lang='grc' dir='ltr'><em>Φόόνος,</em></span> 
     </span>
     <span class='ocr_line' id='line_1_9' title="bbox 457 1708 732 1790; baseline 0 -18"><span class='ocrx_word' id='word_1_44' title='bbox 457 1708 501 1785; x_wconf 69' lang='grc' dir='ltr'>μὴ</span> <span class='ocrx_word' id='word_1_45' title='bbox 525 1709 618 1790; x_wconf 77' lang='grc' dir='ltr'><em>παρίει</em></span> <span class='ocrx_word' id='word_1_46' title='bbox 641 1709 732 1775; x_wconf 86' lang='grc' dir='ltr'><em>καλώ.</em></span> 
     </span>
    </p>
   </div>
   <div class='ocr_carea' id='block_1_4' title="bbox 315 1920 576 2006">
    <p class='ocr_par' dir='ltr' id='par_1_4' title="bbox 315 1920 576 2006">
     <span class='ocr_line' id='line_1_10' title="bbox 315 1920 576 2006; baseline 0 -20"><span class='ocrx_word' id='word_1_47' title='bbox 315 1920 440 2006; x_wconf 87' lang='lat' dir='ltr'>Olymp.</span> <span class='ocrx_word' id='word_1_48' title='bbox 462 1921 520 1986; x_wconf 91' lang='grc' dir='ltr'>ΠΙ.</span> <span class='ocrx_word' id='word_1_49' title='bbox 548 1924 576 1986; x_wconf 87' lang='grc'>3.</span> 
     </span>
    </p>
   </div>
   <div class='ocr_carea' id='block_1_5' title="bbox 357 2055 1389 2252">
    <p class='ocr_par' dir='ltr' id='par_1_5' title="bbox 357 2055 1389 2252">
     <span class='ocr_line' id='line_1_11' title="bbox 357 2055 1389 2140; baseline 0.001 -19"><span class='ocrx_word' id='word_1_50' title='bbox 357 2064 462 2123; x_wconf 79' lang='grc' dir='ltr'><em>Μοῖσα</em></span> <span class='ocrx_word' id='word_1_51' title='bbox 481 2056 507 2122; x_wconf 85' lang='grc' dir='ltr'>δ’</span> <span class='ocrx_word' id='word_1_52' title='bbox 532 2055 603 2122; x_wconf 81' lang='grc' dir='ltr'><em>οὕτω</em></span> <span class='ocrx_word' id='word_1_53' title='bbox 627 2080 688 2122; x_wconf 94' lang='grc' dir='ltr'>ποι</span> <span class='ocrx_word' id='word_1_54' title='bbox 712 2081 764 2122; x_wconf 92' lang='grc' dir='ltr'>πα</span> <span class='ocrx_word' id='word_1_55' title='bbox 771 2058 864 2140; x_wconf 82' lang='grc' dir='ltr'>ρέςα</span> <span class='ocrx_word' id='word_1_56' title='bbox 887 2082 951 2136; x_wconf 88' lang='grc' dir='ltr'>μοι</span> <span class='ocrx_word' id='word_1_57' title='bbox 974 2057 1139 2136; x_wconf 74' lang='grc' dir='ltr'><em>νεοσίγαλον</em></span> <span class='ocrx_word' id='word_1_58' title='bbox 1162 2057 1266 2139; x_wconf 84' lang='grc' dir='ltr'><em>εὑρόντι</em></span> <span class='ocrx_word' id='word_1_59' title='bbox 1288 2057 1389 2139; x_wconf 79' lang='grc' dir='ltr'><em>τρόπον</em></span> 
     </span>
     <span class='ocr_line' id='line_1_12' title="bbox 360 2169 913 2252; baseline 0.004 -18"><span class='ocrx_word' id='word_1_60' title='bbox 360 2170 456 2252; x_wconf 80' lang='grc' dir='ltr'><em>Δωρίῳ</em></span> <span class='ocrx_word' id='word_1_61' title='bbox 479 2171 580 2251; x_wconf 79' lang='grc' dir='ltr'><em>Φώναν</em></span> <span class='ocrx_word' id='word_1_62' title='bbox 603 2169 759 2251; x_wconf 75' lang='grc' dir='ltr'><em>ἐναρμόξαι</em></span> <span class='ocrx_word' id='word_1_63' title='bbox 783 2171 913 2251; x_wconf 84' lang='grc' dir='ltr'><em>πεδίλω.’</em></span> 
     </span>
    </p>
   </div>
   <div class='ocr_carea' id='block_1_6' title="bbox 268 2305 1389 2993">
    <p class='ocr_par' dir='ltr' id='par_1_6' title="bbox 268 2305 1389 2732">
     <span class='ocr_line' id='line_1_13' title="bbox 315 2305 1388 2392; baseline 0.002 -22"><span class='ocrx_word' id='word_1_64' title='bbox 315 2307 499 2371; x_wconf 85' lang='lat' dir='ltr'>Admodum</span> <span class='ocrx_word' id='word_1_65' title='bbox 522 2309 601 2371; x_wconf 89' lang='lat' dir='ltr'>mihi</span> <span class='ocrx_word' id='word_1_66' title='bbox 623 2309 725 2392; x_wconf 87' lang='lat' dir='ltr'>placet</span> <span class='ocrx_word' id='word_1_67' title='bbox 746 2308 863 2372; x_wconf 86' lang='lat' dir='ltr'>Naberi</span> <span class='ocrx_word' id='word_1_68' title='bbox 887 2311 1068 2374; x_wconf 87' lang='lat' dir='ltr'>coniectura</span> <span class='ocrx_word' id='word_1_69' title='bbox 1091 2305 1162 2373; x_wconf 79' lang='grc' dir='ltr'><em>οὕτω</em></span> <span class='ocrx_word' id='word_1_70' title='bbox 1188 2332 1252 2388; x_wconf 85' lang='grc' dir='ltr'>μοι</span> <span class='ocrx_word' id='word_1_71' title='bbox 1275 2331 1388 2389; x_wconf 86' lang='grc' dir='ltr'><em>παρε-</em></span> 
     </span>
     <span class='ocr_line' id='line_1_14' title="bbox 270 2417 1389 2508; baseline 0 -23"><span class='ocrx_word' id='word_1_72' title='bbox 270 2417 374 2491; x_wconf 81' lang='grc' dir='ltr'><em>εαίν,</em></span> <span class='ocrx_word' id='word_1_73' title='bbox 398 2439 456 2484; x_wconf 90' lang='lat' dir='ltr'>nec</span> <span class='ocrx_word' id='word_1_74' title='bbox 480 2440 557 2484; x_wconf 87' lang='lat' dir='ltr'>sane</span> <span class='ocrx_word' id='word_1_75' title='bbox 581 2422 725 2505; x_wconf 88' lang='lat' dir='ltr'>displicet</span> <span class='ocrx_word' id='word_1_76' title='bbox 749 2422 834 2504; x_wconf 90' lang='lat' dir='ltr'>quod</span> <span class='ocrx_word' id='word_1_77' title='bbox 857 2442 903 2486; x_wconf 85' lang='lat' dir='ltr'>vs.</span> <span class='ocrx_word' id='word_1_78' title='bbox 929 2424 970 2485; x_wconf 82' lang='lat'>25</span> <span class='ocrx_word' id='word_1_79' title='bbox 993 2442 1050 2508; x_wconf 92' lang='lat' dir='ltr'>pro</span> <span class='ocrx_word' id='word_1_80' title='bbox 1073 2423 1242 2508; x_wconf 86' lang='lat' dir='ltr'>depravato</span> <span class='ocrx_word' id='word_1_81' title='bbox 1266 2421 1389 2508; x_wconf 77' lang='grc' dir='ltr'><em>πορείειν</em></span> 
     </span>
     <span class='ocr_line' id='line_1_15' title="bbox 269 2532 1389 2620; baseline 0.003 -24"><span class='ocrx_word' id='word_1_82' title='bbox 269 2535 404 2598; x_wconf 87' lang='lat' dir='ltr'>coniecit</span> <span class='ocrx_word' id='word_1_83' title='bbox 434 2532 583 2614; x_wconf 86' lang='grc' dir='ltr'><em>περαίνειν,</em></span> <span class='ocrx_word' id='word_1_84' title='bbox 616 2535 671 2616; x_wconf 82' lang='lat' dir='ltr'>scd</span> <span class='ocrx_word' id='word_1_85' title='bbox 701 2536 833 2599; x_wconf 89' lang='lat' dir='ltr'>minime</span> <span class='ocrx_word' id='word_1_86' title='bbox 866 2536 951 2600; x_wconf 88' lang='lat' dir='ltr'>idem</span> <span class='ocrx_word' id='word_1_87' title='bbox 986 2535 1066 2600; x_wconf 91' lang='lat' dir='ltr'>mihi</span> <span class='ocrx_word' id='word_1_88' title='bbox 1095 2538 1254 2620; x_wconf 84' lang='lat' dir='ltr'>persuasit</span> <span class='ocrx_word' id='word_1_89' title='bbox 1275 2557 1322 2600; x_wconf 91' lang='lat' dir='ltr'>vs.</span> <span class='ocrx_word' id='word_1_90' title='bbox 1348 2537 1389 2599; x_wconf 88' lang='lat'>14</span> 
     </span>
     <span class='ocr_line' id='line_1_16' title="bbox 268 2647 538 2732; baseline -0.004 -22"><span class='ocrx_word' id='word_1_91' title='bbox 268 2648 383 2732; x_wconf 83' lang='lat' dir='ltr'>corrigi</span> <span class='ocrx_word' id='word_1_92' title='bbox 405 2647 538 2711; x_wconf 87' lang='lat' dir='ltr'>iubens:</span> 
     </span>
    </p>

    <p class='ocr_par' dir='ltr' id='par_1_7' title="bbox 269 2780 995 2993">
     <span class='ocr_line' id='line_1_17' title="bbox 457 2780 959 2862; baseline 0.002 -15"><span class='ocrx_word' id='word_1_93' title='bbox 457 2784 488 2848; x_wconf 84' lang='grc' dir='ltr'>οὐ</span> <span class='ocrx_word' id='word_1_94' title='bbox 513 2782 587 2860; x_wconf 67' lang='grc' dir='ltr'>μὴν</span> <span class='ocrx_word' id='word_1_95' title='bbox 610 2780 699 2858; x_wconf 93' lang='grc' dir='ltr'><em>διώξω</em></span> <span class='ocrx_word' id='word_1_96' title='bbox 722 2784 810 2856; x_wconf 83' lang='grc' dir='ltr'><em>κεινδς</em></span> <span class='ocrx_word' id='word_1_97' title='bbox 833 2781 959 2862; x_wconf 80' lang='grc' dir='ltr'><em>ἔμμεν</em></span> 
     </span>
     <span class='ocr_line' id='line_1_18' title="bbox 269 2893 995 2993; baseline -0.001 -33"><span class='ocrx_word' id='word_1_98' title='bbox 269 2917 326 2981; x_wconf 87' lang='lat' dir='ltr'>pro</span> <span class='ocrx_word' id='word_1_99' title='bbox 460 2893 492 2960; x_wconf 84' lang='grc' dir='ltr'>οὔ</span> <span class='ocrx_word' id='word_1_100' title='bbox 513 2919 564 2974; x_wconf 89' lang='grc' dir='ltr'>μιν</span> <span class='ocrx_word' id='word_1_101' title='bbox 589 2895 668 2982; x_wconf 82' lang='grc' dir='ltr'><em>(νιν)</em></span> <span class='ocrx_word' id='word_1_102' title='bbox 695 2894 794 2970; x_wconf 88' lang='grc' dir='ltr'><em>διώξω·</em></span> <span class='ocrx_word' id='word_1_103' title='bbox 818 2897 906 2993; x_wconf 78' lang='grc' dir='ltr'><em>κεινὸς</em></span> <span class='ocrx_word' id='word_1_104' title='bbox 928 2893 995 2969; x_wconf 79' lang='grc' dir='ltr'><em>είνν.</em></span> 
     </span>
    </p>
   </div>
   <div class='ocr_carea' id='block_1_7' title="bbox 269 3034 1390 4475">
    <p class='ocr_par' dir='ltr' id='par_1_8' title="bbox 269 3034 1390 4365">
     <span class='ocr_line' id='line_1_19' title="bbox 315 3034 1389 3120; baseline 0.005 -21"><span class='ocrx_word' id='word_1_105' title='bbox 315 3034 399 3099; x_wconf 90' lang='lat' dir='ltr'>Nam</span> <span class='ocrx_word' id='word_1_106' title='bbox 433 3037 492 3100; x_wconf 87' lang='lat' dir='ltr'>etsi</span> <span class='ocrx_word' id='word_1_107' title='bbox 525 3055 598 3120; x_wconf 85' lang='lat' dir='ltr'>pars</span> <span class='ocrx_word' id='word_1_108' title='bbox 628 3035 783 3100; x_wconf 88' lang='lat' dir='ltr'>librorum</span> <span class='ocrx_word' id='word_1_109' title='bbox 813 3035 907 3101; x_wconf 85' lang='lat' dir='ltr'>habet</span> <span class='ocrx_word' id='word_1_110' title='bbox 929 3035 997 3118; x_wconf 77' lang='grc' dir='ltr'><em>μήν,</em></span> <span class='ocrx_word' id='word_1_111' title='bbox 1028 3042 1209 3102; x_wconf 70' lang='grc' dir='ltr'><em>συνείποιεν</em></span> <span class='ocrx_word' id='word_1_112' title='bbox 1229 3037 1389 3104; x_wconf 82' lang='lat' dir='ltr'>Pindarus</span> 
     </span>
     <span class='ocr_line' id='line_1_20' title="bbox 270 3146 1389 3236; baseline 0.004 -24"><span class='ocrx_word' id='word_1_113' title='bbox 270 3168 349 3213; x_wconf 89' lang='lat' dir='ltr'>usus</span> <span class='ocrx_word' id='word_1_114' title='bbox 381 3153 429 3213; x_wconf 88' lang='lat' dir='ltr'>est</span> <span class='ocrx_word' id='word_1_115' title='bbox 458 3148 561 3212; x_wconf 85' lang='lat' dir='ltr'>forma</span> <span class='ocrx_word' id='word_1_116' title='bbox 583 3147 699 3212; x_wconf 87' lang='lat' dir='ltr'>Dorica</span> <span class='ocrx_word' id='word_1_117' title='bbox 722 3146 793 3231; x_wconf 84' lang='grc' dir='ltr'><em>μών,</em></span> <span class='ocrx_word' id='word_1_118' title='bbox 817 3149 903 3232; x_wconf 92' lang='lat' dir='ltr'>quod</span> <span class='ocrx_word' id='word_1_119' title='bbox 926 3167 1021 3212; x_wconf 88' lang='lat' dir='ltr'>nemo</span> <span class='ocrx_word' id='word_1_120' title='bbox 1044 3150 1159 3213; x_wconf 88' lang='lat' dir='ltr'>melius</span> <span class='ocrx_word' id='word_1_121' title='bbox 1179 3152 1269 3215; x_wconf 86' lang='lat' dir='ltr'>novit</span> <span class='ocrx_word' id='word_1_122' title='bbox 1291 3172 1389 3236; x_wconf 87' lang='lat' dir='ltr'>quam</span> 
     </span>
     <span class='ocr_line' id='line_1_21' title="bbox 269 3258 1390 3348; baseline 0.004 -23"><span class='ocrx_word' id='word_1_123' title='bbox 269 3263 338 3346; x_wconf 89' lang='lat' dir='ltr'>ipse</span> <span class='ocrx_word' id='word_1_124' title='bbox 367 3260 482 3326; x_wconf 86' lang='lat' dir='ltr'>Naber.</span> <span class='ocrx_word' id='word_1_125' title='bbox 513 3261 575 3325; x_wconf 84' lang='lat' dir='ltr'>Sed</span> <span class='ocrx_word' id='word_1_126' title='bbox 611 3261 662 3324; x_wconf 87' lang='lat' dir='ltr'>vel</span> <span class='ocrx_word' id='word_1_127' title='bbox 698 3263 726 3324; x_wconf 90' lang='lat' dir='ltr'>si</span> <span class='ocrx_word' id='word_1_128' title='bbox 748 3258 810 3337; x_wconf 87' lang='grc' dir='ltr'>μών</span> <span class='ocrx_word' id='word_1_129' title='bbox 832 3263 1027 3344; x_wconf 72' lang='lat' dir='ltr'>reponimur,</span> <span class='ocrx_word' id='word_1_130' title='bbox 1050 3281 1255 3346; x_wconf 82' lang='lat' dir='ltr'>nequaquam</span> <span class='ocrx_word' id='word_1_131' title='bbox 1277 3264 1390 3348; x_wconf 86' lang='lat' dir='ltr'>proba-</span> 
     </span>
     <span class='ocr_line' id='line_1_22' title="bbox 269 3373 1389 3458; baseline 0.004 -21"><span class='ocrx_word' id='word_1_132' title='bbox 269 3373 342 3438; x_wconf 91' lang='lat' dir='ltr'>bilis</span> <span class='ocrx_word' id='word_1_133' title='bbox 366 3373 446 3436; x_wconf 90' lang='lat' dir='ltr'>mihi</span> <span class='ocrx_word' id='word_1_134' title='bbox 471 3373 595 3436; x_wconf 87' lang='lat' dir='ltr'>videtur</span> <span class='ocrx_word' id='word_1_135' title='bbox 613 3373 779 3454; x_wconf 85' lang='lat' dir='ltr'>medicina,</span> <span class='ocrx_word' id='word_1_136' title='bbox 799 3393 863 3456; x_wconf 88' lang='lat' dir='ltr'>qua</span> <span class='ocrx_word' id='word_1_137' title='bbox 883 3393 1029 3438; x_wconf 89' lang='lat' dir='ltr'>summus</span> <span class='ocrx_word' id='word_1_138' title='bbox 1040 3381 1133 3458; x_wconf 85' lang='lat' dir='ltr'>poeta</span> <span class='ocrx_word' id='word_1_139' title='bbox 1144 3377 1248 3441; x_wconf 88' lang='lat' dir='ltr'>dicere</span> <span class='ocrx_word' id='word_1_140' title='bbox 1259 3377 1389 3442; x_wconf 86' lang='lat' dir='ltr'>iubetur</span> 
     </span>
     <span class='ocr_line' id='line_1_23' title="bbox 270 3486 1389 3554; baseline 0.003 -4"><span class='ocrx_word' id='word_1_141' title='bbox 270 3486 390 3550; x_wconf 89' lang='lat' dir='ltr'>scilicet</span> <span class='ocrx_word' id='word_1_142' title='bbox 419 3505 461 3549; x_wconf 88' lang='lat' dir='ltr'>se</span> <span class='ocrx_word' id='word_1_143' title='bbox 494 3504 574 3552; x_wconf 87' lang='lat' dir='ltr'>non</span> <span class='ocrx_word' id='word_1_144' title='bbox 604 3486 797 3550; x_wconf 85' lang='lat' dir='ltr'>studiose</span> <span class='ocrx_word' id='word_1_145' title='bbox 834 3491 1095 3551; x_wconf 84' lang='lat' dir='ltr'>sectaturum</span> <span class='ocrx_word' id='word_1_146' title='bbox 1126 3507 1218 3553; x_wconf 88' lang='lat' dir='ltr'>esse</span> <span class='ocrx_word' id='word_1_147' title='bbox 1248 3491 1389 3554; x_wconf 89' lang='lat' dir='ltr'>stulti-</span> 
     </span>
     <span class='ocr_line' id='line_1_24' title="bbox 269 3599 1390 3686; baseline 0.005 -24"><span class='ocrx_word' id='word_1_148' title='bbox 269 3599 383 3680; x_wconf 83' lang='lat' dir='ltr'>tiam,</span> <span class='ocrx_word' id='word_1_149' title='bbox 408 3599 595 3682; x_wconf 87' lang='lat' dir='ltr'>quasivero</span> <span class='ocrx_word' id='word_1_150' title='bbox 615 3600 787 3682; x_wconf 85' lang='lat' dir='ltr'>quisquam</span> <span class='ocrx_word' id='word_1_151' title='bbox 807 3601 988 3664; x_wconf 70' lang='lat' dir='ltr'>mortalium</span> <span class='ocrx_word' id='word_1_152' title='bbox 1011 3603 1195 3686; x_wconf 87' lang='lat' dir='ltr'>reperiatur,</span> <span class='ocrx_word' id='word_1_153' title='bbox 1216 3605 1272 3686; x_wconf 91' lang='lat' dir='ltr'>qui</span> <span class='ocrx_word' id='word_1_154' title='bbox 1285 3603 1390 3668; x_wconf 87' lang='lat' dir='ltr'>dedita</span> 
     </span>
     <span class='ocr_line' id='line_1_25' title="bbox 270 3711 1389 3798; baseline 0.004 -23"><span class='ocrx_word' id='word_1_155' title='bbox 270 3731 365 3796; x_wconf 90' lang='lat' dir='ltr'>opera</span> <span class='ocrx_word' id='word_1_156' title='bbox 397 3712 431 3774; x_wconf 91' lang='lat' dir='ltr'>id</span> <span class='ocrx_word' id='word_1_157' title='bbox 466 3711 577 3791; x_wconf 83' lang='lat' dir='ltr'>faciat3</span> <span class='ocrx_word' id='word_1_158' title='bbox 615 3716 651 3776; x_wconf 90' lang='lat' dir='ltr'>ut</span> <span class='ocrx_word' id='word_1_159' title='bbox 675 3717 796 3776; x_wconf 85' lang='lat' dir='ltr'>taceam</span> <span class='ocrx_word' id='word_1_160' title='bbox 815 3732 987 3796; x_wconf 84' lang='lat' dir='ltr'>nusquam,</span> <span class='ocrx_word' id='word_1_161' title='bbox 1011 3714 1097 3796; x_wconf 92' lang='lat' dir='ltr'>quod</span> <span class='ocrx_word' id='word_1_162' title='bbox 1121 3716 1228 3798; x_wconf 89' lang='lat' dir='ltr'>sciam,</span> <span class='ocrx_word' id='word_1_163' title='bbox 1252 3736 1270 3779; x_wconf 87' lang='lat' dir='ltr'>a</span> <span class='ocrx_word' id='word_1_164' title='bbox 1293 3716 1389 3781; x_wconf 86' lang='lat' dir='ltr'>verbo</span> 
     </span>
     <span class='ocr_line' id='line_1_26' title="bbox 270 3824 1389 3914; baseline 0.006 -26"><span class='ocrx_word' id='word_1_165' title='bbox 270 3824 377 3888; x_wconf 77' lang='grc' dir='ltr'><em>διώκειν</em></span> <span class='ocrx_word' id='word_1_166' title='bbox 389 3845 582 3909; x_wconf 86' lang='lat' dir='ltr'>suspensum</span> <span class='ocrx_word' id='word_1_167' title='bbox 594 3845 664 3890; x_wconf 87' lang='lat' dir='ltr'>esse</span> <span class='ocrx_word' id='word_1_168' title='bbox 674 3825 868 3890; x_wconf 90' lang='lat' dir='ltr'>infinitivum</span> <span class='ocrx_word' id='word_1_169' title='bbox 883 3829 951 3892; x_wconf 87' lang='lat' dir='ltr'>sine</span> <span class='ocrx_word' id='word_1_170' title='bbox 963 3829 1104 3892; x_wconf 85' lang='lat' dir='ltr'>articulo.</span> <span class='ocrx_word' id='word_1_171' title='bbox 1118 3827 1263 3893; x_wconf 82' lang='lat' dir='ltr'>Ueterum</span> <span class='ocrx_word' id='word_1_172' title='bbox 1277 3831 1389 3914; x_wconf 89' lang='lat' dir='ltr'>procul</span> 
     </span>
     <span class='ocr_line' id='line_1_27' title="bbox 269 3937 1389 4024; baseline 0.007 -24"><span class='ocrx_word' id='word_1_173' title='bbox 269 3938 363 4002; x_wconf 85' lang='lat' dir='ltr'>hodie</span> <span class='ocrx_word' id='word_1_174' title='bbox 386 3938 509 4021; x_wconf 84' lang='lat' dir='ltr'>absum,</span> <span class='ocrx_word' id='word_1_175' title='bbox 532 3944 569 4003; x_wconf 91' lang='lat' dir='ltr'>ut</span> <span class='ocrx_word' id='word_1_176' title='bbox 592 3937 776 4023; x_wconf 86' lang='lat' dir='ltr'>Optativum</span> <span class='ocrx_word' id='word_1_177' title='bbox 801 3941 871 4004; x_wconf 86' lang='lat' dir='ltr'>sinc</span> <span class='ocrx_word' id='word_1_178' title='bbox 892 3941 1046 4024; x_wconf 84' lang='lat' dir='ltr'>particula</span> <span class='ocrx_word' id='word_1_179' title='bbox 1066 3943 1271 4008; x_wconf 85' lang='lat' dir='ltr'>conditionali</span> <span class='ocrx_word' id='word_1_180' title='bbox 1282 3944 1389 4008; x_wconf 86' lang='lat' dir='ltr'>defen-</span> 
     </span>
     <span class='ocr_line' id='line_1_28' title="bbox 271 4052 1389 4140; baseline 0.005 -25"><span class='ocrx_word' id='word_1_181' title='bbox 271 4052 353 4133; x_wconf 84' lang='lat' dir='ltr'>dam,</span> <span class='ocrx_word' id='word_1_182' title='bbox 389 4073 485 4136; x_wconf 88' lang='lat' dir='ltr'>quem</span> <span class='ocrx_word' id='word_1_183' title='bbox 504 4054 555 4116; x_wconf 92' lang='lat' dir='ltr'>hic</span> <span class='ocrx_word' id='word_1_184' title='bbox 577 4054 652 4118; x_wconf 87' lang='lat' dir='ltr'>ferri</span> <span class='ocrx_word' id='word_1_185' title='bbox 674 4074 740 4118; x_wconf 91' lang='lat' dir='ltr'>non</span> <span class='ocrx_word' id='word_1_186' title='bbox 763 4074 856 4138; x_wconf 86' lang='lat' dir='ltr'>posse</span> <span class='ocrx_word' id='word_1_187' title='bbox 879 4057 943 4118; x_wconf 88' lang='lat' dir='ltr'>iam</span> <span class='ocrx_word' id='word_1_188' title='bbox 965 4055 1115 4140; x_wconf 87' lang='lat' dir='ltr'>Hartung</span> <span class='ocrx_word' id='word_1_189' title='bbox 1137 4057 1303 4139; x_wconf 87' lang='lat' dir='ltr'>intellexit,</span> <span class='ocrx_word' id='word_1_190' title='bbox 1324 4077 1389 4121; x_wconf 90' lang='lat' dir='ltr'>non</span> 
     </span>
     <span class='ocr_line' id='line_1_29' title="bbox 270 4165 1387 4252; baseline 0.006 -25"><span class='ocrx_word' id='word_1_191' title='bbox 270 4165 315 4228; x_wconf 86' lang='lat' dir='ltr'>ita</span> <span class='ocrx_word' id='word_1_192' title='bbox 349 4166 431 4228; x_wconf 86' lang='lat' dir='ltr'>male</span> <span class='ocrx_word' id='word_1_193' title='bbox 466 4169 646 4249; x_wconf 83' lang='lat' dir='ltr'>suspicatus</span> <span class='ocrx_word' id='word_1_194' title='bbox 681 4165 713 4230; x_wconf 82' lang='grc' dir='ltr'>οὔ</span> <span class='ocrx_word' id='word_1_195' title='bbox 747 4189 797 4242; x_wconf 89' lang='grc' dir='ltr'>μιν</span> <span class='ocrx_word' id='word_1_196' title='bbox 831 4167 957 4252; x_wconf 69' lang='lat' dir='ltr'>(part)</span> <span class='ocrx_word' id='word_1_197' title='bbox 989 4165 1079 4242; x_wconf 88' lang='grc' dir='ltr'><em>διώξω</em></span> <span class='ocrx_word' id='word_1_198' title='bbox 1113 4170 1216 4232; x_wconf 82' lang='grc' dir='ltr'><em>κεῖσ’</em></span> <span class='ocrx_word' id='word_1_199' title='bbox 1249 4169 1285 4241; x_wconf 79' lang='grc' dir='ltr'>ὃς</span> <span class='ocrx_word' id='word_1_200' title='bbox 1320 4167 1387 4243; x_wconf 81' lang='grc' dir='ltr'><em>είκ.</em></span> 
     </span>
     <span class='ocr_line' id='line_1_30' title="bbox 272 4277 1270 4365; baseline 0.007 -25"><span class='ocrx_word' id='word_1_201' title='bbox 272 4278 325 4341; x_wconf 83' lang='lat' dir='ltr'>Ad</span> <span class='ocrx_word' id='word_1_202' title='bbox 347 4277 482 4342; x_wconf 89' lang='lat' dir='ltr'>formem</span> <span class='ocrx_word' id='word_1_203' title='bbox 506 4278 712 4343; x_wconf 84' lang='lat' dir='ltr'>Homericam</span> <span class='ocrx_word' id='word_1_204' title='bbox 734 4279 774 4352; x_wconf 79' lang='grc' dir='ltr'><em>είκ</em></span> <span class='ocrx_word' id='word_1_205' title='bbox 797 4301 856 4365; x_wconf 90' lang='lat' dir='ltr'>pro</span> <span class='ocrx_word' id='word_1_206' title='bbox 879 4278 911 4343; x_wconf 83' lang='grc' dir='ltr'>ίοι</span> <span class='ocrx_word' id='word_1_207' title='bbox 934 4282 971 4345; x_wconf 89' lang='lat' dir='ltr'>of.</span> <span class='ocrx_word' id='word_1_208' title='bbox 996 4289 1031 4346; x_wconf 85' lang='grc' dir='ltr'>Ω</span> <span class='ocrx_word' id='word_1_209' title='bbox 1057 4284 1131 4364; x_wconf 85' lang='grc'>139,</span> <span class='ocrx_word' id='word_1_210' title='bbox 1155 4281 1174 4357; x_wconf 90' lang='grc' dir='ltr'><em>ξ</em></span> <span class='ocrx_word' id='word_1_211' title='bbox 1196 4285 1270 4348; x_wconf 87' lang='grc'><strong>496.</strong></span> 
     </span>
    </p>

    <p class='ocr_par' dir='ltr' id='par_1_9' title="bbox 315 4390 976 4475">
     <span class='ocr_line' id='line_1_31' title="bbox 315 4390 976 4475; baseline 0.002 -19"><span class='ocrx_word' id='word_1_212' title='bbox 315 4390 383 4456; x_wconf 88' lang='lat' dir='ltr'>Neo</span> <span class='ocrx_word' id='word_1_213' title='bbox 405 4391 488 4456; x_wconf 88' lang='lat' dir='ltr'>male</span> <span class='ocrx_word' id='word_1_214' title='bbox 513 4392 632 4456; x_wconf 90' lang='lat' dir='ltr'>dictum</span> <span class='ocrx_word' id='word_1_215' title='bbox 655 4392 744 4475; x_wconf 87' lang='lat' dir='ltr'>foret,</span> <span class='ocrx_word' id='word_1_216' title='bbox 767 4398 804 4457; x_wconf 90' lang='lat' dir='ltr'>ut</span> <span class='ocrx_word' id='word_1_217' title='bbox 827 4393 976 4460; x_wconf 85' lang='lat' dir='ltr'>arbitror:</span> 
     </span>
    </p>
   </div>
   <div class='ocr_carea' id='block_1_8' title="bbox 459 4511 990 4608">
    <p class='ocr_par' dir='ltr' id='par_1_10' title="bbox 459 4511 990 4608">
     <span class='ocr_line' id='line_1_32' title="bbox 459 4511 990 4608; baseline 0.004 -28"><span class='ocrx_word' id='word_1_218' title='bbox 459 4517 490 4581; x_wconf 83' lang='grc' dir='ltr'>οὐ</span> <span class='ocrx_word' id='word_1_219' title='bbox 514 4515 592 4593; x_wconf 80' lang='grc' dir='ltr'><em>μίαν</em></span> <span class='ocrx_word' id='word_1_220' title='bbox 615 4514 704 4590; x_wconf 90' lang='grc' dir='ltr'><em>διώξω</em></span> <span class='ocrx_word' id='word_1_221' title='bbox 726 4517 850 4608; x_wconf 80' lang='grc' dir='ltr'><em>κεινὸν</em></span> <span class='ocrx_word' id='word_1_222' title='bbox 874 4511 990 4597; x_wconf 81' lang='grc' dir='ltr'><em>οἷμον.</em></span> 
     </span>
    </p>
   </div>
   <div class='ocr_carea' id='block_1_9' title="bbox 0 0 1818 5598">
    <p class='ocr_par' dir='ltr' id='par_1_11' title="bbox 0 0 1818 5598">
     <span class='ocr_line' id='line_1_33' title="bbox 0 0 1818 5598; baseline 0 0"><span class='ocrx_word' id='word_1_223' title='bbox 0 0 1818 5598; x_wconf 95' lang='lat' dir='ltr'> </span> 
     </span>
    </p>
   </div>
  </div>
 </body>
</html>
