3626 5598
841 716 860 777 9

334 898 458 983 Olymp.
492 898 526 961 Π
562 899 612 961 19.
643 899 763 960 ἐσλῶν
798 897 855 977 γάρ
890 897 944 962 ὑπὸ
978 896 1144 977 χαρμάτων
1174 903 1264 974 σῆμα
1294 895 1408 961 θνάσκει

293 1011 331 1096 (l.
355 1011 488 1096 θνάσκει)
513 1010 693 1089 παλίγκοτον
716 1010 876 1088 δαμασθέν.

333 1136 440 1200 Nabar
473 1136 596 1201 mavult
618 1136 718 1215 ἐσθλῷ,
742 1155 807 1199 non
831 1155 897 1219 ego.
918 1135 999 1199 Nam
1021 1155 1086 1199 non
1105 1154 1199 1199 omne
1216 1135 1407 1219 gaudiorum

288 1269 391 1334 genus
413 1251 446 1313 id
468 1249 571 1332 habet,
594 1255 631 1313 ut
653 1249 840 1313 calamitatis
860 1249 997 1312 adducat
1016 1247 1218 1329 oblivionem,
1230 1267 1328 1330 quam
1340 1266 1408 1311 rem

290 1363 433 1426 homines
458 1362 600 1446 quotidie
619 1363 778 1444 docemur,
791 1362 846 1426 sed
861 1361 1082 1425 tautummodo
1100 1360 1221 1424 ε’·σιῶν
1242 1357 1409 1439 χαρμάτων

288 1475 347 1538 hoc
369 1477 531 1559 preprium
556 1481 611 1540 est.

332 1722 388 1787 VS.
414 1724 464 1787 30.
821 1715 881 1795 ἦτοι
905 1719 1046 1801 βροτῶν
1069 1743 1106 1797 γε
1129 1717 1254 1798 κέκριται

488 1840 590 1914 πεῖραρ
614 1831 695 1897 οὔτι
718 1832 842 1897 θανάτου

490 1947 547 2010 οὐδ’
572 1944 722 2025 άσύχιμον
745 1945 857 2026 άμέροιν
881 1945 998 2009 ὅτὸτε
1020 1945 1103 2009 παῖδ’
1127 1942 1224 2008 άελίον

489 2059 593 2138 άτειρεῒ
613 2057 665 2121 σὺν
688 2058 790 2138 άγαθῷ
813 2056 1038 2134 τελευτάσομεν.

339 2193 419 2260 Cum
443 2195 569 2259 Naberc
592 2195 644 2260 hic
665 2196 774 2259 malim
797 2194 935 2275 βροτῷ,
957 2196 1071 2260 deinde
1091 2195 1205 2259 melius
1226 2195 1411 2260 haecverba

293 2309 483 2392 intellegam,
515 2302 546 2372 si'
572 2329 630 2392 pre
659 2307 745 2372 ὅτότε
773 2311 974 2393 rescripseris
1007 2307 1169 2388 τότεραι
1193 2328 1266 2373 nec
1290 2308 1410 2373 nobis

290 2428 462 2486 constat
504 2428 641 2486 utrum
676 2423 780 2486 solis
811 2422 949 2486 filium
985 2422 1090 2487 diem
1126 2422 1410 2505 tranquillum

289 2538 548 2599 intemerata
577 2534 791 2598 felicitate
811 2535 941 2599 finire
964 2536 1199 2618 contingat,
1229 2535 1289 2598 ie.
1318 2553 1411 2598 marra

290 2651 452 2713 nescimus
476 2669 516 2711 arr
529 2648 570 2711 ad
582 2666 746 2729 vesperam
758 2648 967 2731 perduratura
979 2650 1020 2712 sit
1031 2647 1171 2711 felicitas.
1183 2647 1312 2711 Etenim
1323 2645 1410 2710 ὂτάτε

290 2763 319 2826 si
338 2763 498 2845 legimus,
532 2781 607 2824 cum
630 2760 680 2824 bis
702 2761 786 2824 idem
806 2767 898 2844 poeta
921 2761 1012 2842 dixit,
1034 2766 1104 2825 tum
1128 2763 1207 2824 mire
1231 2760 1319 2824 solus
1343 2761 1410 2824 dies

291 2875 425 2938 ultimus
448 2880 522 2944 ταῖς
545 2871 639 2946 ἠελίου
663 2874 760 2937 audit.
779 2871 972 2953 Ἀμφίβολον
992 2871 1032 2955 δέ,
1052 2875 1096 2936 ait
1114 2879 1207 2937 vetus
1227 2873 1410 2955 Scholiasta,

292 2984 407 3066 πότερον
436 2985 517 3065 αὐτῷ
547 2983 670 3062 ὂλάχος
694 2983 745 3048 καὶ
769 2983 817 3047 ε’τὶ
838 2988 889 3048 τοῦ
915 2982 1049 3048 θανάτου·
1075 2983 1138 3047 οὐδὲ
1161 2982 1247 3047 δτάτε
1269 2984 1408 3058 τελευτά-

293 3122 382 3176 σομεν
404 3100 458 3170 τὴν
481 3096 616 3177 ἐσχάτην
639 3095 759 3175 ἡμέραν·
782 3093 798 3168 ἢ
823 3095 865 3160 ὅτι
887 3096 1034 3176 attollitur
1057 3097 1085 3160 ἕν
1108 3098 1148 3175 τῷ
1168 3101 1219 3160 τοῦ
1238 3095 1291 3175 ζῆν
1307 3094 1409 3178 χρόνῳ·

293 3210 364 3276 οὕτω
388 3211 419 3275 δὲ
442 3211 494 3275 καὶ
518 3210 696 3290 Ἀρίςαρχος
719 3207 824 3273 άκούει.
846 3208 916 3285 Qua
936 3210 1128 3293 amphibolia
1139 3211 1291 3292 rescripto
1303 3208 1410 3288 πότερα

291 3324 472 3388 liberamur.
492 3320 639 3406 Elliptice
659 3342 751 3405 saepe
770 3324 895 3403 πότερον,
914 3328 952 3385 ut
970 3321 1121 3384 Latinum
1147 3326 1294 3402 utrum,
1317 3341 1411 3385 usur-

292 3439 361 3522 pari
391 3457 484 3501 nemo
516 3436 679 3500 docendus
710 3441 766 3500 est.
796 3434 890 3498 Hanc
911 3436 1126 3498 coniecturam
1149 3435 1212 3496 iam
1236 3435 1354 3518 protuli
1376 3437 1411 3497 iu

292 3550 748 3615 Animadversionibus
768 3549 968 3632 philolad
986 3548 1266 3631 Theognidem
1287 3549 1410 3612 alato

291 3664 369 3728 Trai.
394 3684 420 3727 a.
442 3663 501 3727 Rh.
526 3684 575 3747 ap.
596 3663 717 3744 Beyers
739 3683 768 3745 p.
795 3663 844 3724 75.

337 3911 375 3974 V.
398 3913 450 3976 43.
475 3909 572 3982 νέοις
597 3911 625 3973 ἕν
648 3909 759 3982 altrat
782 3949 824 3958 -
847 3910 1020 3987 τιμώμενος.

338 4048 501 4112 Pindar.
532 4049 636 4131 8legi
658 4049 739 4111 iussi
762 4045 867 4119 νέων,
893 4047 1026 4112 eandem
1051 4049 1206 4111 rationem
1230 4048 1290 4110 loci
1316 4047 1411 4110 Euri·

293 4163 378 4245 pidei
411 4161 492 4224 Med.
523 4164 566 4224 48
601 4181 670 4225 esse
700 4167 784 4224 recte
813 4181 941 4245 negans.
964 4161 1088 4224 Ibidem
1111 4181 1140 4223 ν.
1165 4161 1206 4223 56
1231 4152 1414 4224 coniecisti

294 4279 380 4360 (cum
414 4275 691 4355 Rauchensteinie)
725 4275 756 4338 δὲ
787 4298 826 4337 νιν
844 4272 933 4352 ,ἔχων
964 4299 1008 4346 τις
1039 4272 1134 4338 οἴσει
1163 4275 1196 4338 τὸ
1227 4272 1346 4351 μέλλον,
1370 4272 1415 4338 ὅτι

294 4391 365 4463 aab,
382 4389 491 4452 illud
517 4391 588 4471 qui
611 4389 734 4453 habet
757 4407 887 4472 aequo
911 4391 1048 4452 anime
1070 4389 1180 4452 feret
1201 4389 1415 4472 futurum,

293 4505 351 4568 ie.
376 4503 487 4567 mortis
508 4502 677 4566 formidine
701 4521 765 4565 non
789 4500 968 4586 agitabitur,
992 4502 1101 4586 quod
1125 4507 1194 4566 cett.
1219 4501 1257 4564 V.
1278 4502 1320 4564 62
1340 4522 1413 4586 pro·
