3626 5598
814 710 855 773 13

276 917 383 984 goram
406 895 489 992 ιίκρον
524 915 624 980 qnam·
650 891 743 973 ιὶδρίν,
771 893 827 958 sed
856 911 988 976 prorsus
1023 891 1102 953 nibil
1139 895 1187 953 est
1216 891 1251 952 in
1287 888 1400 952 tradita

276 1013 419 1092 lectione,
444 1010 529 1093 quod
554 1010 666 1073 merito
691 1008 861 1090 quisquam
884 1006 1051 1088 vituperet.

320 1236 360 1299 V.
386 1236 435 1298 10.
524 1231 646 1296 ἀείδει
669 1229 724 1307 μὲν
746 1227 836 1300 οίλσος
859 1227 949 1305 οὶγνὸν
972 1228 1005 1290 τὸ
1028 1226 1090 1290 τεὸν
1115 1225 1174 1289 ari.

321 1347 497 1412 Verissime
527 1345 654 1409 Heclrer
675 1339 762 1424 ἀέξει,
784 1348 821 1407 ut
843 1341 987 1422 arbitror,
1009 1341 1083 1404 licet
1103 1339 1238 1404 fortasse
1262 1338 1402 1422 cogitari

278 1479 408 1544 quoque
430 1460 530 1543 possit
553 1459 591 1522 dc
613 1456 795 1541 reponendo
816 1452 879 1518 riri
884 1476 945 1534 ρει.
972 1451 1007 1518 Ο.
1032 1451 1083 1516 IX
1107 1452 1149 1516 20

465 1567 524 1635 ίίεν
545 1566 681 1650 ςεφοίναν
704 1566 790 1632 ίιιοτοι
812 1565 924 1632 κλοτίιν

467 1685 581 1764 Λοκρῶν
604 1679 825 1761 ἐπαείροντι
849 1676 954 1760 ματέρ’
973 1676 1195 1757 ἀγλαόδενδρον.

324 1901 448 1986 Olymp.
482 1901 530 1965 vi
561 1903 590 1965 ί.
619 1899 784 1981 ἐπικύρσαις
806 1901 939 1981 ἀφθόνων
962 1900 1041 1967 οίςῶν
1063 1900 1094 1963 ἐν
1115 1898 1249 1980 ἱμερταῖς
1272 1899 1398 1972 οίοιδαῑς,

278 2015 361 2080 Male
383 2018 570 2099 interpretes
593 2005 733 2097 iungunt
752 2012 918 2093 ἐπικύρσαις
938 2013 966 2076 ἐν
989 2011 1113 2085 οὶσιδιιῖς,
1139 2033 1213 2076 nam
1234 2015 1278 2077 ita
1289 2013 1400 2079 abesse

279 2128 431 2193 debuerat
460 2128 657 2211 praepositio.
678 2126 791 2190 Verbo:
815 2132 965 2190 nactus
989 2126 1104 2190 cives
1128 2145 1206 2189 nou
1229 2127 1424 2208 invidos

280 2241 446 2324 (copiosos)
468 2242 509 2303 in
533 2239 733 2304 cantibus
755 2240 975 2304 iucundis.
998 2238 1126 2304 Pindar.
1152 2240 1201 2304 10.

324 2460 487 2545 OlympV
497 2463 546 2524 12.
557 2460 699 2526 Ocnicci:
713 2461 853 2539 Ἀγησία,
866 2459 913 2525 τίν
924 2460 950 2525 δ’
963 2455 1039 2534 αίνος
1050 2461 1178 2538 ἑτοῖμος,
1191 2459 1220 2525 ὃν
1243 2459 1400 2525 ἐνδίκου

281 2573 358 2659 (pro
387 2574 416 2638 ἓν
439 2572 525 2660 δίκα)
553 2573 581 2660 ίί
603 2575 662 2638 οξτο
683 2573 824 2653 γλώσσαις
848 2570 1239 2656 Ἀδραςος-ἕφίὲγξατο.
1260 2572 1400 2639 ibidem.

322 2795 362 2860 V.
384 2797 435 2861 lb.
478 2795 557 2861 ἕττίο
579 2795 605 2860 3‘
629 2794 730 2861 ἔπειτα
753 2801 846 2878 τνροῖν
870 2800 970 2877 νεκρῶν
992 2795 1273 2862 τελεσθέντων.

322 2909 430 2975 Naber
452 2930 521 2994 pag.
546 2911 587 2976 30
617 2913 729 2976 merito
752 2911 934 2995 repudiatis,
957 2911 1012 2976 sed
1036 2912 1121 2975 iusto
1145 2910 1290 2976 acerbius
1318 2912 1402 2975 vitu-

278 3024 404 3105 peratis,
427 3043 486 3087 sex
508 3025 650 3088 virorum
674 3025 839 3088 doctorum
861 3025 1063 3105 coniecturis,
1083 3025 1151 3107 ipse
1173 3024 1206 3087 id
1228 3025 1399 3107 proposuit

280 3137 367 3220 quod
400 3155 493 3202 nemo
516 3137 647 3201 Pindari
671 3138 841 3202 admirator
864 3157 882 3200 a
905 3157 1032 3201 summa
1054 3144 1147 3221 poeta
1171 3138 1233 3200 dici
1254 3139 1399 3221 potuisse

280 3248 341 3313 sibi
373 3249 577 3332 persuadebit
608 3247 692 3320 τέλος
727 3247 837 3322 θέντων,
882 3250 969 3332 quod
1001 3251 1028 3314 si
1058 3252 1093 3313 in
1128 3249 1277 3314 omnibus
1311 3249 1402 3315 libris

278 3363 444 3446 legeretur,
478 3368 516 3427 ut
537 3361 732 3442 χαμαίζηλοι
755 3368 787 3427 ct
808 3361 1004 3442 ἀπειρόκαλον,
1029 3363 1114 3427 haud
1137 3364 1246 3427 miuus
1271 3382 1402 3448 suspec-

279 3481 349 3540 tum
372 3476 545 3540 iudicarem
569 3497 667 3560 quam
689 3476 775 3560 quod
794 3496 882 3540 nuno
905 3479 1059 3561 scriptum
1078 3482 1190 3542 exstat.
1211 3475 1310 3553 Quasi
1324 3496 1400 3542 vero

279 3591 437 3654 eiusmodi
470 3590 599 3654 lectioni
631 3591 788 3674 praesidio
823 3592 865 3654 sit
895 3591 929 3654 id
953 3591 1049 3674 quod,
1071 3591 1202 3655 allatum
1226 3611 1244 3655 a
1267 3589 1403 3673 Nabero,

279 3703 447 3787 magnifice
469 3709 561 3787 poeta
582 3703 664 3767 dixit
688 3702 723 3766 Ο.
745 3703 779 3766 Π
805 3704 845 3766 15
869 3702 929 3768 οὐδ’
953 3701 989 3766 ίιν
1012 3701 1114 3784 χρόνος
1135 3702 1149 3766 ὁ
1168 3701 1287 3767 πάντων
1305 3702 1403 3784 πατὴρ

279 3813 393 3880 δύναιτο
417 3814 501 3894 θέμεν
524 3813 611 3896 ἔργον
634 3813 727 3888 τέλος.

324 3928 489 3993 Poeticum
526 3930 638 3994 saltem
671 3935 719 3994 est
753 3935 785 3994 et
817 3929 1026 3994 Pindaricum
1061 3929 1147 4013 quod
1180 3930 1333 4015 proposui
1369 3931 1403 3992 in

281 4040 525 4107 Pindaricis
549 4065 578 4128 p.
606 4045 664 4107 10:

468 4154 547 4219 ε’ττίι
569 4155 596 4220 δ’
621 4154 722 4218 ἔπειτα
745 4157 837 4235 σινρῖιν
856 4158 956 4236 νεκρῶν
977 4178 1019 4218 τε
1042 4153 1297 4229 barberiaco,

281 4273 439 4352 sepiem
464 4269 615 4333 deinde
645 4271 760 4352 rogis
783 4268 1149 4352 cadaveribusque
1172 4270 1269 4354 igne
1292 4290 1406 4336 vora-

279 4384 351 4465 tis,
375 4382 413 4445 cl.
438 4380 477 4446 N.
500 4381 558 4445 IX.
583 4383 636 4464 24,
659 4381 715 4445 ubi
737 4388 785 4446 est
801 4381 840 4446 de
860 4379 1194 4461 oademren’rrrdybp
1217 4381 1407 4447 δαίσαντο

279 4494 367 4576 πυραὶ
397 4493 538 4573 νεογυίους
572 4494 679 4574 <peirac
702 4501 733 4559 et
756 4494 867 4580 Eurip.
890 4493 1017 4559 Heracl.
1043 4495 1107 4558 914
1130 4494 1179 4558 τὸν
1201 4493 1295 4561 Ἀΐδα
1318 4492 1407 4572 δόμον
1519 4569 1522 4576 ν
