3626 5598
832 678 873 740 69

338 859 418 923 Cum
443 858 600 923 obiectum
625 859 768 922 additum
793 859 910 941 malim,
935 864 1004 922 tum
1027 861 1134 923 minus
1157 859 1209 922 hic
1232 863 1305 942 apta
1327 858 1414 922 vide·

293 978 346 1037 tur
369 974 550 1037 coniunctio
574 973 718 1037 causalis.
742 971 848 1048 Quare
870 974 1006 1037 conieci:

515 1083 580 1157 τίς
604 1085 671 1166 σφ’
694 1081 749 1164 ἀρ’
778 1083 863 1166 ἀρχά
885 1085 946 1148 κσέ.

338 1283 390 1348 Ad
421 1284 513 1365 Pyth.
545 1281 596 1346 IX
627 1285 676 1346 93.
707 1282 810 1346 Vetus
842 1280 1011 1345 scholiasta
1039 1280 1177 1363 explicat
1198 1276 1257 1342 ἀπε
1281 1317 1322 1326 -—
1345 1275 1412 1352 εἴτε,

294 1415 353 1462 nec
375 1396 509 1461 fortasse
531 1395 555 1458 ἀ
578 1433 619 1441 -
643 1394 667 1458 εἰ
690 1415 727 1460 ec
751 1413 849 1459 sensu
871 1394 992 1458 dictum
1016 1393 1255 1457 sollicitandum
1278 1392 1389 1457 fuerat.

338 1594 390 1657 Ad
421 1592 514 1673 Pytn
545 1590 596 1655 IX
629 1593 695 1655 113.
726 1592 900 1677 Vulgatam
930 1592 1097 1657 lectionem
1122 1593 1167 1655 sio
1189 1593 1415 1674 interpretatur

294 1705 429 1788 Merger,
464 1711 502 1769 ut
536 1702 601 1784 apia
632 1703 720 1781 μέσον
754 1697 836 1784 ἀμαρ
867 1705 942 1768 ἑλεῖν
967 1710 1058 1789 poeta
1082 1706 1247 1768 novaverit
1270 1723 1326 1787 pro
1347 1700 1413 1783 apio

295 1809 379 1896 ἀμαρ
414 1816 489 1879 ἑλεῖν
518 1817 551 1881 τὸ
581 1815 679 1894 μέσον.
711 1817 851 1881 Multum
874 1823 981 1881 tamen
1004 1816 1115 1880 dubito
1139 1837 1217 1880 num
1242 1818 1413 1900 quisquam

295 1930 488 1994 Graecorum
520 1931 566 1994 sic
589 1930 778 1995 scribentem
801 1930 1023 1995 intellecturus
1047 1930 1168 1994 fuisset.
1190 1929 1304 2013 Neque
1326 1929 1413 2009 αἱρεῖν

294 2046 340 2110 sic
363 2049 544 2128 usurpatur.

338 2228 431 2310 Pyth.
455 2227 506 2291 IX
531 2229 602 2291 129.
627 2220 689 2290 εἶπε
711 2227 737 2290 δ’
760 2227 789 2290 έν
813 2225 931 2304 μέσσοις
953 2225 1134 2303 ἀπάγεσθαι.

338 2341 445 2407 Nabar
467 2343 529 2426 legi
552 2342 641 2406 iubet
666 2339 915 2418 ἀγαγέσθαι,
941 2341 1026 2424 quod
1050 2341 1078 2404 si
1100 2342 1134 2403 in
1157 2339 1307 2405 omnibus
1325 2340 1415 2405 libris

294 2430 462 2538 legeretur,
487 2454 636 2538 equidem
658 2455 691 2516 in
715 2451 887 2530 ἀπάγεσθαι
910 2460 1076 2535 mutarem,
1100 2455 1263 2535 quianon
1287 2453 1325 2518 de
1349 2453 1414 2516 du-

295 2567 424 2630 cenda
449 2585 595 2648 uxore,
618 2567 675 2630 sed
698 2566 737 2629 da
760 2565 1018 2647 abducenda,
1038 2569 1075 2628 ut
1094 2566 1234 2649 praemio
1253 2566 1414 2649 victoriae,

295 2699 398 2744 sermo
433 2687 488 2744 est.
523 2679 675 2744 Similiter
708 2679 841 2742 verbum
873 2680 1086 2762 compositum
1118 2680 1333 2743 necessarium
1366 2685 1415 2744 est

294 2791 412 2855 Herod.
442 2791 460 2854 I
489 2777 568 2855 196:
601 2790 732 2854 ἐκδοῦναι
757 2789 788 2854 δέ
810 2788 863 2862 τέρν
887 2789 991 2853 ἑαυτοῦ
1017 2788 1163 2869 θυγατέρα
1186 2787 1255 2869 imp
1278 2789 1412 2867 βούλοιτο

295 2901 399 2974 έκαςος
423 2904 472 2966 οὐκ
495 2899 571 2976 ἐξῆν,
597 2899 661 2965 οὐδὲ
683 2901 752 2965 ἀνευ
776 2900 925 2979 έγγνντέιν
949 2899 1241 2979 ἀπαγαγέσθαι
1264 2901 1315 2974 τὴν
1335 2926 1414 2983 παρ-

296 3013 371 3084 θένον
405 3013 570 3095 πριάμενον,
602 3016 674 3079 ἀλλ’
704 3016 855 3093 έγγνιρσάς
883 3016 1092 3089 καπαςάσονπα
1116 3011 1134 3089 ἦ
1158 3016 1217 3092 μὴν
1241 3017 1413 3090 σννοιιιθσειν

295 3129 371 3208 αὐτῇ
406 3124 477 3192 οὕτω
511 3126 757 3206 ἀγαγέσθαι,
793 3129 849 3193 ubi
880 3131 998 3213 optime
1028 3129 1115 3194 Stein
1147 3131 1286 3194 correxit
1315 3128 1412 3194 ἀπά-

294 3243 451 3319 γεσθαι,
477 3245 540 3306 nisi
563 3242 643 3306 forte
665 3248 804 3327 praestat
825 3245 975 3307 Acristus
997 3241 1222 3320 ἀπαγαγέσθαι.

339 3426 392 3489 Ad
411 3426 501 3490 Nem.
526 3426 543 3489 Ι
566 3427 618 3490 46.
642 3427 675 3490 si
697 3424 791 3504 χάνος
814 3433 897 3492 recte
920 3429 1048 3510 conieci,
1071 3426 1178 3506 ψνχάν
1197 3431 1413 3494 necessarium

297 3545 353 3621 cst,
377 3541 427 3603 sin
455 3537 564 3619 ψνχάς
587 3546 671 3605 recte
694 3541 796 3624 habat,
818 3540 899 3621 χάνν
923 3544 1025 3606 conici
1047 3548 1157 3625 potest.
1181 3542 1309 3608 Placeat
1331 3544 1413 3608 Har-

295 3656 389 3737 tnngi
418 3653 599 3720 coniectura
627 3653 790 3733 ἀγχέμενοι
822 3694 862 3704 -
893 3655 1092 3727 ἀπέπνευσαν,
1116 3656 1209 3720 modo
1231 3676 1289 3740 pro
1312 3660 1413 3736 χρόνος

295 3769 399 3851 aptius
423 3767 544 3850 aliquid
567 3770 743 3851 reperiatur
767 3789 863 3851 quam
886 3767 979 3848 χρόνῳ
1003 3774 1058 3832 aut
1081 3766 1189 3847 λέχρις.

339 3950 392 4013 Ad
414 3950 504 4014 Nem.
528 3951 544 4014 I
565 3953 614 4015 50.
637 3951 716 4023 Ἑοῖς
736 3954 831 4018 nimis
851 3959 1006 4018 remotum
1028 3953 1166 4018 απαισέν.
1179 3951 1411 4032 Βοέίιιοοθμος.

339 4135 429 4200 Nem.
452 4135 501 4198 VI
525 4137 552 4199 5.
802 4135 884 4200 ἀλλά
907 4161 935 4200 τι
959 4136 1156 4218 προσφέρομεν
1179 4136 1279 4216 ἔμπαν

516 4246 532 4321 ἢ
555 4248 655 4326 μέγαν
678 4248 736 4313 νθον
759 4247 852 4323 ἤτοι
875 4249 964 4329 Φύσιν
986 4250 1149 4324 ἀθανάτοις.

338 4360 529 4444 Suspectum
561 4367 609 4426 est
638 4359 699 4434 ἤτοι
723 4369 832 4426 contra
854 4369 1051 4428 constantem
1074 4367 1292 4449 antiquiorum
1315 4369 1413 4452 scrip-

296 4477 401 4537 torum
431 4494 528 4537 usum
557 4476 698 4557 positum
727 4477 761 4538 in
791 4476 887 4540 altero
911 4477 1052 4541 membro
1075 4480 1249 4543 sententiae
1274 4481 1413 4545 disiunc-
