3626 5598
793 664 832 724 61

302 849 413 914 Istum.
437 848 485 912 iv
511 849 553 911 13
577 847 638 929 (m
662 849 725 930 81).

390 957 493 1024 οίκοίεν
517 958 653 1026 ςοίλονιοιν
676 956 795 1024 ἅπτονθ’
820 958 1016 1038 Ἡρακλείοις·

390 1071 464 1137 aa}
488 1071 595 1150 μηκέτι
617 1069 797 1152 μοικροτέροον
822 1071 954 1136 σπεύδειν
978 1070 1092 1152 ἄρετοίν.

302 1186 455 1251 Plurimis
484 1186 675 1250 coniecturis
698 1205 816 1249 novam
839 1186 926 1249 addit
947 1184 1055 1250 Naber
1076 1187 1133 1257 ὡς.
1161 1185 1294 1251 Credam
1317 1186 1382 1250 for-

258 1305 343 1364 tasse
367 1301 471 1383 (saepe
494 1301 580 1363 enim
605 1299 687 1363 dirae
709 1299 842 1363 voculae
866 1298 1127 1381 confundantur),
1149 1301 1176 1363 si
1195 1299 1383 1364 iudicaverit

258 1413 338 1476 mihi
369 1411 475 1476 locum
505 1410 648 1492 Pindari,
678 1409 735 1475 ubi
765 1412 879 1475 vocula
902 1409 949 1483 ὡς,
974 1432 1038 1495 qua
1062 1413 1247 1496 saepissime
1271 1414 1382 1496 utitur,

259 1524 406 1588 similiter
428 1529 582 1608 usurpata
605 1529 661 1588 est.
683 1522 715 1586 N
717 1543 780 1588 unc
802 1525 880 1586 τοῖν
903 1524 953 1588 vel
976 1517 1024 1588 οἶν
1044 1523 1240 1608 probabilius
1260 1526 1383 1589 coniec-

260 1642 329 1700 tum
352 1635 432 1700 mihi
456 1635 587 1719 quidem
609 1635 746 1700 videtur.

303 1819 342 1882 V.
368 1820 418 1882 35.
441 1815 485 1886 ίςε
507 1817 570 1895 μοὶν
593 1815 720 1890 Αίοιντος
741 1817 838 1882 οίλκοὶν
861 1817 976 1899 φοίνιον,
999 1817 1065 1892 τίον,
1089 1818 1162 1902 ίψίρι

445 1931 475 1994 ἕν
498 1927 581 1994 ννκτί
604 1930 752 2006 τοομὼν
776 1927 837 2009 περὶ
859 1921 880 2009 ᾧ
903 1927 1064 2011 φοοομρίνρι,
1090 1930 1221 2012 μομφοὶν
1246 1930 1296 2013 ἔχ’
1324 1935 1354 1998 ἐν

1029 2042 1198 2127 [ποιίδεοοιν
1221 2044 1382 2110 Ἐλλοίνων.

304 2155 408 2240 Iunge
437 2153 535 2218 οίλκοὶν
564 2152 680 2233 φοίνιον,
708 2152 764 2216 τίον
787 2153 918 2234 μομφίιν
941 2151 996 2233 ἔχε
1019 2155 1079 2219 κτὲ.
1106 2162 1138 2232 et
1159 2156 1231 2239 ίφίρι
1255 2195 1296 2204 -
1320 2163 1384 2226 φοο-

261 2269 370 2350 ογοίνρ.
403 2270 484 2334 'l'um
514 2270 636 2353 corrige
658 2269 795 2331 πετὼν
817 2266 881 2348 περὶ
905 2271 951 2348 Fa]
975 2268 1135 2349 φοοροίνορ,
1161 2277 1197 2336 ut
1220 2273 1283 2336 dici
1306 2275 1386 2339 solet

264 2381 443 2463 περιπίπτειν
475 2383 516 2462 τῷ
550 2378 629 2461 ξίφει
665 2383 721 2465 qui
752 2402 811 2448 suo
851 2402 886 2447 se
916 2382 1022 2466 gladio
1045 2384 1193 2449 confodit.
1218 2385 1385 2452 Glossema

264 2516 334 2562 esse
364 2501 467 2580 potest
495 2495 609 2571 τομών,
633 2499 670 2558 ut
698 2495 783 2578 apud
806 2496 1003 2578 Aeschylum
1028 2496 1122 2561 Eum.
1150 2500 1212 2562 592
1237 2495 1385 2578 ξιφουλκῷ

262 2606 338 2689 χειρὶ
373 2608 441 2687 πρὸς
476 2606 555 2687 δέρην
587 2606 751 2683 περιών,
782 2607 838 2671 ubi
866 2608 1019 2690 probante
1042 2608 1207 2674 Dindorfio
1232 2611 1385 2676 substitui

264 2722 339 2786 olim
362 2720 519 2799 βοολών.
545 2720 669 2783 Pind.
694 2721 744 2783 30.

308 2894 348 2957 V.
372 2896 424 2957 45.
857 2893 959 2976 τίλμρι
981 2894 1038 2976 γὰρ
1061 2896 1185 2970 είκοίο

397 3007 411 3070 ί
424 3029 440 3068 ν
453 3029 478 3082 μ
490 3005 503 3070 ὸ
516 3027 530 3067 ν
554 3004 741 3086 ἐριβρεμετᾶν
764 3006 849 3086 ίηρῶν
873 3005 994 3071 λεόντων

397 3117 535 3198 ἕνπίνῳ·
560 3125 689 3195 μῆτιν
712 3117 739 3182 δ’
763 3116 898 3193 οίλιίπηξ,
922 3120 1019 3185 οιίετοῦ
1042 3118 1091 3186 οἵτ’
1120 3121 1347 3201 οίνοοπιτνοιριὲνον

469 3289 473 3296 .
1153 3233 1273 3319 [otono
1296 3235 1384 3318 ίοχει.

312 3344 515 3409 Conclamato
537 3344 607 3408 loco
631 3345 659 3408 si
681 3364 747 3407 non
769 3344 917 3428 proderit,
940 3346 1051 3409 saltem
1075 3366 1139 3410 uon
1164 3349 1289 3414 nocebit
1312 3351 1388 3417 haec

266 3477 337 3523 mea
359 3459 466 3522 addita
488 3458 599 3522 ceteris
624 3459 715 3541 (quas
738 3463 881 3522 recenset
903 3457 1019 3540 Bergk)
1043 3460 1242 3524 coniectura:

712 3565 813 3651 τίλμρι
835 3567 892 3649 γὰρ
919 3567 1007 3654 (oto)
1033 3567 1144 3634 εἴκει

400 3688 539 3763 φῦλον
563 3681 750 3764 ἐριβρεμετᾶν
774 3683 859 3761 θηρῶν
883 3679 1003 3746 λεόντων

399 3797 428 3860 ἕν
452 3795 537 3876 πίνῳ,
563 3796 668 3874 μήτι
692 3796 718 3860 δ’
739 3791 868 3868 οίλοίπηξ
894 3795 955 3859 κτὲ.

311 3909 415 3974 Nam
439 3911 638 3974 audacia
662 3911 702 3974 ei
728 3910 863 3990 (victori)
887 3909 1390 3981 ceditvaldcfremen-

269 4025 384 4087 tium
424 4042 571 4108 genus
613 4022 859 4087 beluarum
900 4021 1087 4087 leonum
1128 4027 1174 4089 in
1208 4026 1394 4132 labore,

270 4138 524 4220 prudentia
559 4155 667 4200 vero
699 4134 871 4218 vulpes
901 4139 971 4200 cett.
1002 4134 1111 4200 Possis
1142 4157 1271 4223 quoqne
1301 4143 1392 4206 τόλ-

269 4273 352 4327 μοον
387 4289 430 4298 -
464 4256 620 4327 μῆτιν,
657 4268 732 4311 nam
767 4246 903 4310 verbum
936 4244 1018 4310 εἴκειν
1049 4266 1123 4312 cum
1154 4257 1292 4336 utroque
1314 4275 1391 4333 casu

267 4366 414 4447 iungitur
446 4365 502 4445 rei,
534 4383 598 4447 qua
628 4363 701 4445 quis
732 4361 787 4424 alii
818 4360 909 4424 cedit.
933 4360 985 4424 Sic
1012 4360 1173 4428 Homerus
1197 4366 1230 4429 τὸ
1252 4365 1281 4430 ὃν
1304 4367 1389 4444 μένος

268 4475 358 4539 οὐδενὶ
389 4474 480 4540 είκων.
505 4475 567 4539 Sed
591 4475 692 4538 multo
718 4474 863 4538 usitatior
886 4479 935 4538 est
959 4471 1103 4538 Dativus.
1127 4478 1282 4543 Additum
1306 4481 1391 4561 ίηρῶν
