3626 5598
985 695 1027 756 22

635 882 740 946 κλυτὸν
764 878 840 954 ἔίνος
862 884 977 962 Λοκρῶν
999 880 1029 966 ll
1051 879 1274 962 οίμφιῖέπυ
1298 881 1357 946 κτὲ.

444 1015 502 1080 pro
524 993 711 1076 οίμφέπεσον.

490 1108 585 1173 Unus
616 1113 777 1193 praeterea
793 1109 889 1173 ‹locus
910 1110 944 1172 in
968 1109 1029 1173 hoo
1051 1111 1191 1175 carmine
1214 1116 1300 1176 creat
1319 1112 1429 1177 lectori
1452 1114 1565 1178 moles-

446 1223 532 1287 tiam.
554 1220 677 1307 Nempe
698 1222 836 1306 legimus
859 1241 888 1285 v.
913 1222 953 1287 91
967 1241 1045 1306 sqq.:
1636 1210 1642 1218 ’

636 1355 688 1422 καί
711 1353 782 1422 ὅταν
806 1357 888 1422 καλοὶ
913 1354 1007 1439 ἔρξαις
1029 1357 1131 1430 tortae
1153 1356 1232 1440 σ’ίτερ,

632 1470 831 1550 Ἁγησίδαμ’,
853 1471 893 1544 είς
916 1471 1010 1536 Ἀΐδα
1033 1469 1145 1550 ταίμίυ

634 1585 704 1667 οίιηρ
724 1581 833 1660 ίκηται,
856 1584 940 1649 κενεοδ
963 1583 1102 1658 πνεύσαις
1129 1586 1168 1672 (i.
1181 1606 1207 1652 c.
1230 1585 1364 1662 διακενῆς
1387 1585 1488 1674 βιούς)

998 1695 1111 1780 ἔπορε
1134 1697 1238 1780 μόχθῳ
1262 1698 1364 1781 βραχιί
1387 1723 1415 1764 τι
1437 1699 1563 1781 τερπνόν.

489 1839 539 1902 Ibi
573 1838 659 1904 enim
694 1839 880 1922 interpretes
914 1837 1019 1918 μόχθῳ
1052 1837 1204 1904 habentos
1238 1858 1294 1924 pro
1319 1839 1424 1904 dativo
1446 1842 1566 1904 instru-

445 1952 584 2033 mentali‚
607 1947 689 2031 ἔπορε
711 1956 821 2015 contra
844 1956 1041 2015 constantem
1063 1951 1153 2015 verbi
1175 1953 1241 2016 vim
1260 1952 1420 2037 explicant
1438 1959 1565 2036 parat

445 2064 634 2149 Numquam
669 2066 754 2129 enim
785 2070 880 2144 πορεῖν
914 2065 1001 2129 aliud
1031 2063 1189 2149 significat
1211 2085 1308 2152 quam
1331 2064 1437 2142 δοῦναι,
1460 2085 1565 2149 quare,

445 2180 473 2242 si
503 2174 584 2258 ἔπορε
607 2198 722 2243 sanum
745 2182 801 2260 est,
825 2196 1002 2262 suspensus
1024 2177 1099 2242 inde
1122 2183 1170 2242 est
1193 2178 1319 2242 dativus
1339 2179 1506 2261 commodi,
1529 2184 1566 2242 ut
1607 2193 1610 2200 ’

446 2293 503 2357 sit:
538 2291 676 2356 labori
709 2311 784 2357 suo
815 2293 1012 2376 exiguam
1041 2292 1158 2357 dedit
1188 2293 1461 2376 voluptatem,
1488 2312 1565 2378 qua·

445 2406 509 2472 lom
543 2406 735 2470 locutionem
772 2405 910 2468 multum
942 2404 1053 2468 dubito
1076 2424 1155 2468 num
1179 2405 1256 2468 satis
1278 2424 1315 2469 eo
1338 2410 1455 2489 tueare,
1480 2405 1566 2489 quod

445 2522 530 2583 recte
572 2520 659 2583 dions
700 2519 884 2602 praemio
926 2518 1081 2582 donare
1122 2517 1314 2581 laborem.
1348 2517 1564 2603 Expectabam

412 2687 415 2694 .
446 2632 594 2716 equidem
629 2628 753 2708 ἔλαβε
786 2629 889 2710 μίχθιρ
925 2628 1027 2709 βραχύ
1057 2653 1085 2693 τι
1114 2625 1240 2710 τερπνόν,
1264 2630 1315 2694 vel
1337 2631 1453 2714 potiUS,
1478 2631 1564 2714 quod

444 2745 549 2809 tenlus
580 2750 636 2827 est,
668 2737 765 2823 εὗρε,
789 2746 817 2808 si
844 2743 896 2807 hic
917 2744 1101 2808 trochaeum
1124 2763 1182 2827 pro
1206 2742 1367 2824 tribrachy
1389 2743 1564 2826 admiseris,

447 2863 482 2923 ut
496 2859 538 2920 'in
562 2857 683 2922 ultimis
707 2877 770 2922 vss.
794 2856 933 2942 cpodiois
959 2857 1000 2919 62
1024 2861 1056 2921 et
1081 2854 1513 2938 124.0f.a‹1Pyth.140.

490 3077 616 3163 Olymp.
640 3077 691 3142 XI
716 3079 765 3143 11.

634 3213 688 3280 ίσίι
710 3219 791 3289 νῦν,
815 3254 858 3263 -
881 3218 961 3289 τεοῖς,
985 3196 1190 3294 Ἀγησίδαμε,
1214 3214 1400 3296 πυγμαχίας
1420 3213 1512 3280 ἕνεκεν

635 3332 732 3407 κῶμον
754 3326 804 3393 ἐπὶ
829 3326 948 3410 ςεΦοίνιρ
971 3326 1102 3408 χρυσέας
1121 3327 1225 3400 ἐλαίας

634 3440 769 3520 οὶδυμελῆ
793 3439 956 3516 κελαδήσω,
980 3440 1041 3505 κτὲ.

488 3580 551 3644 Hic
581 3600 710 3665 quoque
732 3579 826 3644 NYN
849 3599 915 3644 non
937 3586 985 3645 est
1004 3581 1185 3664 temporale,
1209 3581 1317 3664 itaque
1339 3581 1409 3645 sine
1431 3585 1564 3645 accentu
1658 3606 1660 3612 ¹

446 3694 650 3760 scribendum
672 3691 749 3757 ίσίι
773 3716 842 3758 νυν.

488 3905 527 3968 V.
550 3905 599 3968 16.
633 3902 700 3968 ἔνθα
721 3901 951 3982 συγκωμάξατ’·
972 3901 1230 3982 ἐγγυάσομαι

633 4016 738 4096 ὔμμιν,
763 4013 784 4080 ὦ
806 4024 928 4092 Μοῖσαι,
952 4014 1115 4098 Φυγίξενον
1138 4014 1241 4097 ςρατόν

632 4131 704 4209 μηδ’
728 4129 882 4211 ἀπείρατον
905 4134 1013 4205 καλῶν,

631 4241 790 4326 ἀκρόσοφον
812 4240 843 4307 δὲ
867 4241 918 4306 καὶ
942 4242 1104 4323 αἰχματὰν
1128 4240 1295 4324 ἀφίξεσθαι.

489 4381 592 4444 Immo
627 4400 701 4445 vero
735 4378 974 4465 ἐγγυοίομαι,
1005 4382 1205 4465 spondeo,
1237 4399 1303 4444 non
1338 4379 1562 4464 spondebo

445 4493 608 4558 Pindar.
635 4495 683 4558 13.
