3626 5598
909 663 967 726 170

389 846 574 924 timaeum
599 847 674 930 poni
697 847 795 909 soleat
817 848 849 908 in
875 848 985 930 priore.
1009 847 1092 910 Vide
1114 847 1150 910 B.
1175 848 1213 910 A.
1234 848 1309 927 486,
1333 848 1382 909 31.
1404 845 1508 921 Quare

389 957 496 1020 nescio
529 977 569 1020 an
606 957 828 1040 corrigendum
865 960 906 1022 sit
936 956 952 1029 ἢ
984 957 1081 1028 πιέν,
1115 961 1265 1042 quoniam
1297 961 1331 1021 in
1363 977 1508 1022 sermone

388 1071 510 1152 poetico
541 1071 710 1134 articulum
743 1071 816 1134 addi
846 1073 977 1134 minime
1007 1077 1093 1135 vetat
1115 1073 1184 1136 cius
1209 1073 1337 1135 omissio
1360 1071 1393 1133 in
1417 1071 1507 1154 prae'-

388 1185 515 1267 gressis.
546 1183 662 1249 Saltem
692 1185 843 1248 hocloco
867 1205 932 1249 non
957 1185 1070 1249 abutar
1092 1206 1164 1250 cum
1190 1185 1328 1269 Bergkio
1350 1186 1390 1248 ad
1413 1185 1509 1247 corri-

387 1297 529 1379 gendum
551 1295 576 1359 I.
599 1295 665 1359 Vn
690 1299 724 1360 8:

454 1404 471 1479 ἦ
495 1404 547 1470 ἔπ’
569 1406 657 1487 ἀμφὶ
681 1414 808 1480 πνκνιιῑς
827 1407 976 1482 Τειρεσίαο
1000 1407 1143 1486 &onheim

454 1516 471 1591 ἢ
496 1516 549 1582 ὅτ’
573 1517 661 1600 ἀμφὶ
685 1518 794 1584 Ἰόλαον
818 1520 997 1597 lundunam

387 1631 443 1695 ubi
474 1631 524 1696 bis
545 1632 653 1696 intulit
675 1629 732 1703 iio-⁹,
757 1633 878 1698 dictum
902 1634 1023 1697 scilicet
1045 1654 1102 1717 pro
1126 1631 1196 1705 ἤτοι,
1222 1635 1314 1716 quasi
1339 1633 1510 1716 diphthon-

386 1763 463 1826 gum
484 1743 521 1806 oI
543 1744 627 1826 apud
649 1743 825 1808 Pindarum
850 1745 924 1810 elidi
943 1765 1036 1828 posse
1056 1750 1186 1809 constet
1207 1744 1291 1820 Quid
1311 1750 1404 1828 poeta
1417 1745 1510 1808 dede

387 1857 429 1919 rit
462 1857 578 1937 nescio,
613 1858 667 1921 sed
703 1859 809 1941 potius
840 1878 956 1941 sequar
986 1858 1204 1942 Hartnngium
1237 1858 1427 1922 scribentem
1441 1922 1444 1927 ,
1458 1857 1508 1922 bis

387 1964 403 2038 ἥ
427 1967 460 2046 ῥ’,
484 1972 539 2031 ant
562 1967 798 2033 Mommsenum
818 1975 1023 2054 reponentem
1043 1970 1213 2053 utrobique
1232 1967 1271 2041 sl,
1284 1990 1381 2053 quam
1394 1970 1508 2034 admit·

387 2085 451 2143 tam
474 2080 605 2163 Bergkii
627 2079 854 2161 πιιριιδιόρθωσιν.
879 2083 1019 2147 Homero
1042 2083 1073 2146 A
1096 2084 1158 2146 170
1179 2081 1244 2147 οὐδὲ
1263 2105 1305 2146 σοι
1326 2077 1370 2145 oio
1384 2085 1507 2166 primus

387 2193 523 2275 Bentley
555 2195 700 2275 reddidit,
735 2215 799 2258 non
833 2195 992 2277 Thiersch,
1026 2199 1078 2260 cui
1113 2196 1365 2260 emendationem
1397 2195 1510 2258 tribuit

389 2305 494 2370 Christ
512 2309 546 2370 in
566 2309 742 2372 novissima
761 2309 898 2372 editione
916 2309 1033 2373 Iliadis.
1049 2309 1178 2390 Soloece
1197 2311 1266 2391 ipse
1286 2307 1391 2371 Christ
1404 2307 1431 2371 E
1445 2309 1508 2370 252

390 2420 524 2483 coniecit
547 2417 612 2483 οὐδὲ
635 2443 668 2482 σε
690 2425 829 2483 πεῖσαι
852 2420 910 2484 ilc
935 2441 990 2505 pro
1016 2422 1193 2486 necessario
1216 2421 1334 2484 futuro.

433 2615 524 2679 Nem.
547 2615 598 2679 IX
621 2618 672 2680 21.

455 2728 735 2808 φαινομέναν
758 2729 784 2793 δ’
809 2729 853 2810 ἄρ’
877 2731 917 2801 ἐς
940 2729 1050 2794 ἄταν
1073 2731 1197 2794 σπεῦδεν
1221 2726 1321 2806 ὅμιλος
1344 2727 1463 2792 ἱκέσθαι.

430 2842 636 2914 Locutionem
670 2845 745 2908 satis
775 2864 877 2906 raram
909 2851 1069 2927 praeterea
1099 2845 1224 2927 repperi
1254 2842 1337 2926 apud
1362 2841 1508 2905 Archilo-

388 2955 481 3020 chum
504 2955 614 3038 fragm.
640 2956 697 3018 98:

452 3064 725 3144 φαινόμενον
749 3067 882 3130 κεινὸν
904 3064 996 3130 οἴκαδ’
1023 3064 1156 3144 ἄγεσθαι.

387 3182 473 3265 quod
503 3183 610 3246 nescio
632 3202 673 3244 an
696 3183 736 3246 ad
759 3181 929 3263 Lycambis
952 3181 1050 3245 filiam
1073 3181 1273 3246 referendum
1298 3181 1347 3261 sit,
1370 3184 1401 3244 et
1423 3179 1508 3263 apud

387 3295 585 3358 Herodotum
619 3295 653 3357 Π
689 3295 750 3360 161
787 3301 884 3358 extu:
918 3292 1062 3365 δοκέοντες
1093 3293 1142 3357 τὸν
1172 3291 1295 3371 Ἀπρίην
1326 3293 1358 3355 ἐκ
1381 3290 1509 3370 προνοίης

388 3406 495 3478 edredo
524 3405 707 3484 ἀποπέμψαι
736 3408 765 3478 ἐς
795 3404 1071 3485 Φιιινόμενον
1102 3404 1256 3477 καινόν,
1288 3407 1308 3470 i.
1333 3425 1358 3469 e.
1390 3396 1508 3483 προῦ-

388 3541 494 3582 πτον
517 3516 615 3591 κακόν,
640 3526 677 3583 ut
700 3520 888 3602 plerumque
911 3520 945 3582 in
970 3520 1025 3582 tali
1048 3538 1082 3582 re
1107 3518 1168 3581 dici
1192 3518 1279 3581 solet.

431 3715 519 3780 Licet
542 3715 622 3778 nihil
644 3715 738 3778 faciat
761 3715 800 3778 ad
824 3715 1009 3796 Pindamm‚
1029 3715 1126 3778 finem
1148 3715 1222 3777 huic
1241 3713 1395 3796 opusculo
1407 3713 1507 3795 impo-

387 3850 460 3893 nam
484 3828 635 3892 tentando
657 3846 737 3890 roms
762 3846 823 3890 cnn
845 3826 963 3910 elegiae
985 3827 1096 3910 fragm.
1120 3826 1137 3889 1
1160 3845 1206 3908 ap.
1230 3825 1310 3908 Bglr.
1334 3844 1379 3890 vs.
1406 3825 1463 3886 12:

452 3943 508 4003 πῶν
531 3938 557 4002 δ’
581 3939 699 4016 ἀγεννῶν
724 3937 748 4014 β
758 3938 942 4008 ιισιλεὺς
967 3932 1080 4007 οἶνος
1103 3933 1192 4009 ἔδειξε
1214 3933 1313 4015 Φύσιν.

429 4054 514 4130 Quid
537 4055 622 4118 enim
646 4053 697 4116 hic
721 4052 782 4116 sibi
800 4053 877 4116 velit
896 4047 1039 4128 βασιλεύς
1058 4051 1175 4115 frustra
1189 4068 1354 4133 quaerens
1367 4049 1502 4112 conieci:

450 4173 506 4232 πῶν
529 4167 555 4232 δ’
578 4168 699 4245 ἀναιδῶν
721 4166 918 4244 {idoncos
941 4171 1091 4236 Ἑοῖννς
1113 4161 1202 4238 ἔδειξε
1225 4161 1323 4243 Φύσιν.

385 4284 469 4368 quod
501 4302 566 4346 non
597 4289 667 4366 eget
694 4284 872 4364 interprete.
903 4267 956 4343 Ad
988 4280 1146 4362 digamma
1171 4278 1207 4341 of.
1234 4298 1280 4341 vs.
1306 4279 1325 4340 3
1350 4275 1448 4339 δειλίαι
1472 4298 1505 4338 πε

383 4394 551 4462 farcimen.

848 4511 1041 4521 .....-.--——-
