3626 5598
363 1792 579 1877 Posteaquam
623 1794 657 1856 in
701 1792 930 1877 supplementis
969 1792 1133 1856 annalium
1173 1792 1438 1875 philologicorum

319 1906 431 1988 scripsi
464 1905 703 1986 Pindarica,
738 1923 821 1988 quae
855 1904 931 1966 inde
965 1921 1109 1966 seorsum
1138 1922 1290 1987 expressa
1313 1903 1439 1988 Lipsiae

316 2017 503 2101 prodierunt
532 2017 617 2101 apud
643 2017 846 2080 Teubnerum
869 2037 894 2079 a.
921 2016 1016 2096 1882,
1039 2015 1216 2079 Pindarum
1238 2018 1365 2100 saepius
1388 2017 1437 2080 in-

316 2137 403 2195 tenta
438 2137 544 2195 mente
575 2132 638 2214 legi
669 2137 764 2214 atque
793 2131 900 2214 relegi,
923 2148 1029 2212 neque
1051 2135 1099 2193 est
1122 2129 1213 2194 facile
1233 2130 1321 2194 ullus
1344 2136 1437 2214 poeta

318 2242 468 2324 Graecus,
491 2263 631 2326 quocum
652 2246 803 2308 maiorem
822 2243 1068 2306 familiaritatem
1088 2244 1233 2306 contraxi
1253 2263 1350 2326 quam
1362 2262 1437 2307 cum

318 2375 444 2420 summo
473 2362 565 2438 poeta
594 2356 751 2420 Thebano.
775 2355 855 2418 Inde
876 2355 995 2418 factum
1019 2360 1063 2436 ut,
1086 2356 1160 2418 licet
1183 2355 1435 2439 haudquaquam

317 2469 379 2532 sim
410 2470 538 2532 nescius
569 2474 648 2551 quot
681 2475 712 2532 et
742 2470 870 2551 quantis
895 2466 1136 2532 difficultatibus
1159 2475 1321 2551 prematur
1343 2469 1433 2532 crisis

316 2582 493 2663 Pindarica,
516 2586 633 2645 iterum
656 2581 707 2647 vel
730 2583 836 2665 potius
860 2583 987 2644 tertium
1013 2582 1141 2664 (paucos
1161 2582 1246 2644 enim
1266 2581 1352 2645 locos
1371 2582 1435 2644 iam

291 2716 341 2782 a.
379 2695 464 2757 1870
498 2695 587 2777 tetigi
621 2695 655 2757 in
685 2693 896 2758 Miscellaneis
925 2693 1042 2756 criticis
1064 2694 1098 2755 in
1123 2691 1240 2772 lyricos
1265 2692 1326 2774 Gn,
1351 2712 1433 2776 quae

316 2809 471 2873 accedunt
505 2790 953 2871 animadversionibus
985 2804 1261 2889 philologieis
1285 2808 1365 2870 meis
1390 2808 1437 2871 ad

314 2920 421 2984 Theo
428 2920 607 3004 guidem)
632 2921 675 2982 in.
689 2920 772 2982 hanc
794 2918 981 3003 palaestram
1006 2917 1141 2981 audeam
1158 2918 1434 3001 descendere,una
1456 2904 1458 2907 ⁵

315 3053 390 3097 cum
413 3035 506 3097 novis
529 3035 668 3097 inventis
692 3035 740 3112 (ut
761 3034 865 3096 omnis
887 3051 977 3097 meae
987 3034 1019 3094 in
1034 3032 1211 3096 Pindarum
1224 3052 1336 3117 operae
1348 3054 1434 3098 unus

315 3152 504 3230 conspectus
526 3148 576 3226 sit)
592 3146 816 3229 compendioso
828 3148 1030 3228 repetiturus,
1043 3165 1125 3229 quae
1137 3145 1212 3208 alibi
1224 3147 1340 3229 scripta
1353 3167 1432 3210 non-

314 3261 392 3324 dum
415 3261 494 3323 mihi
518 3261 744 3343 displicuerint.
768 3259 808 3322 In
828 3261 902 3323 crisi
922 3265 1029 3323 autem
1048 3261 1107 3323 hac
1130 3259 1298 3323 Pindarioa
1311 3280 1435 3345 semper

314 3394 411 3457 quam
436 3375 577 3437 maxime
608 3380 750 3456 poteram
781 3374 814 3436 id
843 3375 902 3456 egi,
932 3379 968 3436 ut
996 3372 1172 3436 Pindarum
1194 3393 1236 3436 ex
1255 3393 1290 3437 se
1313 3376 1380 3457 ipso
1404 3381 1435 3438 et

313 3487 536 3569 interpretarer
559 3492 590 3549 et
609 3487 820 3567 emendarem,
842 3487 1002 3550 rarissime
1023 3486 1156 3550 aliorum
1176 3492 1342 3570 poetarum
1354 3508 1434 3552 usus

313 3599 503 3664 testimoniis
528 3605 567 3682 et,
591 3600 648 3663 ubi
670 3601 774 3684 ipsum
799 3604 923 3682 poetam
943 3604 1056 3664 testem
1076 3600 1251 3682 producere
1271 3606 1433 3684 nonpote-

311 3733 389 3794 ram,
412 3713 638 3797 sempermihi
663 3711 817 3776 diffidens

356 3932 510 4016 Olymp.
533 3933 549 3996 I
574 3935 601 3996 3.

376 4046 400 4108 εἰ
423 4045 449 4108 δ’
473 4043 565 4108 ἄεθλα
589 4044 694 4124 γαρύεν

376 4154 483 4229 ἔλδεαι,
507 4158 594 4238 Φίλον
617 4152 693 4238 ἦτορ,

376 4268 482 4346 μηκέτ’
507 4270 603 4334 οέελίου
626 4267 726 4333 σκόπει

374 4379 449 4446 ἄλλο
480 4380 666 4462 θαλπνότερον
689 4384 718 4447 ἕν
741 4381 839 4464 ἁμέρα
861 4384 985 4463 φαεννὸν
1007 4381 1091 4463 ἄςρον
1114 4384 1225 4464 ἐρήμας
1249 4385 1285 4448 δι’
1311 4384 1430 4466 αἰθέρος,

375 4496 447 4572 μηδ’
472 4496 648 4573 Ὀλυμπίας
671 4497 775 4575 aydam
800 4495 932 4578 φέρτερον
954 4495 1195 4574 αὐδάσομεν.
