3626 5598
818 719 860 780 25

333 903 397 968 Hio
421 903 512 966 locus
536 901 646 986 eiiugit
668 900 787 965 Naberi
810 902 1004 986 diligentiam
1028 921 1097 986 pag.
1120 901 1358 966 37111100012.
1379 899 1411 962 V

290 1021 354 1084 119
374 1023 446 1102 apte
465 1018 650 1101 corrigentis
670 1014 787 1080 δίδοτ’
812 1014 877 1079 ε’τδ
898 1015 1042 1096 Ἑέργονσνν
1054 1015 1141 1096 νἰμΦί
1149 1039 1184 1079 τε
1195 1015 1319 1092 βουλαῖς
1331 1013 1411 1095 ἔχειν

288 1153 345 1219 pro
369 1130 504 1196 διδοῖτ’
529 1129 583 1193 ἔτ’
607 1127 726 1210 ἕργονσνν
747 1129 807 1192 xri.
833 1129 882 1194 De
904 1135 1003 1193 metro
1028 1129 1100 1194 vide
1119 1129 1159 1194 ad
1180 1128 1215 1193 Ο.
1233 1129 1267 1192 Χ
1286 1130 1326 1194 91
1341 1149 1410 1214 sqq·

332 1245 422 1310 Idem
448 1245 627 1330 desperavit
650 1244 689 1309 de
711 1244 897 1329 corrigendo
919 1245 989 1308 loeo
1013 1242 1049 1307 0.
1071 1243 1154 1307 XIV
1178 1244 1219 1307 13
1232 1263 1277 1328 sq.

376 1376 511 1444 ὦτίτνί
535 1379 672 1458 Ἀγλαΐα
695 1379 900 1460 Φολησίμολτέ
922 1381 950 1442 τ’
975 1377 1161 1462 Εὐφροσύνα,
1186 1381 1252 1445 θεῶν
1274 1379 1411 1460 κρατίτου

376 1495 497 1567 παῖδες,
521 1490 638 1560 ε’τοίκοον
660 1495 739 1566 νῦν,
764 1493 865 1558 Θαλία
889 1517 922 1558 τε

376 1604 564 1685 ἐρασίμολπε,
587 1604 647 1670 ari.

288 1743 346 1808 ubi
369 1743 606 1808 Rauohenstein
629 1742 797 1808 scribendo
820 1740 969 1815 ακνυίοντέ
992 1766 1049 1821 μευ
1073 1750 1105 1810 et
1126 1744 1234 1829 Bergk
1257 1743 1410 1809 ἐτακοοῖτέ

288 1857 373 1939 (sio!)
402 1879 451 1919 νυν
479 1861 511 1920 et
532 1855 683 1940 Hartung
704 1853 830 1918 ἕταΐοντε
851 1859 901 1918 νῦν
926 1857 1087 1921 soloeoum
1111 1859 1287 1940 optativum
1314 1859 1412 1922 intro·

288 1970 457 2052 ducebant,
482 1969 651 2034 Hermann
680 1987 756 2031 vero
779 1965 902 2039 ε’τοίκοος
924 1967 1040 2047 γένευ
1061 1971 1223 2034 oonioiens
1247 1971 1409 2036 soloeoum

287 2101 469 2147 numerum.
503 2081 564 2145 His
600 2080 767 2145 conatibus
796 2081 891 2164 longe
920 2086 1058 2164 praestat
1088 2082 1240 2146 Ahrensii
1270 2085 1412 2169 suspicio

288 2193 467 2272 ε’τακροοῖσίε
501 2195 559 2264 νῦν,
594 2193 657 2255 nisi
692 2193 779 2275 quod
813 2193 895 2256 male
928 2195 1060 2257 retinuit
1089 2198 1138 2257 νῦν
1168 2214 1226 2277 pro
1248 2217 1305 2257 νυν.
1331 2194 1411 2258 Cum

289 2311 396 2370 tomen
424 2310 536 2388 poetae
558 2305 650 2385 lyrici
674 2309 705 2368 et
727 2305 808 2387 epiei
833 2304 871 2368 ab
895 2325 959 2369 usu
980 2305 1070 2369 verbi
1093 2305 1251 2386 ἀκροᾶσθαι
1273 2312 1305 2371 et
1327 2327 1412 2370 oom-

288 2420 465 2504 positorum
488 2417 682 2482 abstinuisse
702 2417 880 2500 videantur,
899 2437 941 2482 ne
959 2418 1042 2482 hano
1055 2419 1184 2503 quidem
1196 2421 1410 2484 coniecturam

289 2531 381 2595 facile
405 2530 598 2595 admiserim.

332 2643 402 2729 Ego
436 2644 544 2707 looum
576 2643 765 2707 lacunosum
799 2661 869 2708 esse
903 2643 1092 2708 crediderim
1122 2649 1154 2709 et
1183 2644 1331 2710 voouiam
1361 2647 1411 2709 νῦν

291 2757 514 2842 interpolatam
538 2775 617 2839 esse,
639 2776 705 2840 qua
727 2756 828 2821 deleta
847 2757 1079 2840 suppleverim:

377 2893 490 2967 παῖδες
513 2890 630 2958 ἕτοίκοον
653 2897 693 2973 <
703 2891 879 2974 periris>
903 2889 1056 2957 Θοίλενοί
1081 2893 1111 2957 τ’

378 3006 567 3088 ε’ρασίμολτε,
590 3005 651 3070 κτέ.

290 3149 417 3231 recepta
441 3145 536 3209 trium
561 3145 708 3208 oodioum
729 3141 817 3207 Bou
839 3144 997 3228 scriptura
1016 3139 1177 3208 Θοίλενα.
1199 3143 1252 3208 Ad
1263 3146 1411 3210 rooulam

290 3279 324 3320 τε
352 3259 387 3320 in
417 3256 482 3321 fine
511 3275 623 3321 versus
646 3257 842 3335 (continuata
865 3255 1016 3336 oratione)
1040 3256 1151 3320 elisam
1174 3255 1212 3320 cf.
1236 3256 1275 3320 N.
1298 3256 1346 3320 IV
1369 3258 1411 3322 63

291 3367 402 3447 ὄνυχας
436 3365 595 3442 ὀξυτάτους
627 3365 732 3445 οὶκμοίν
762 3367 790 3430 τ’
820 3367 850 3452 ll
879 3362 897 3440 ἦ
927 3366 1096 3431 δεινοτάτων
1126 3367 1260 3447 σχοίσανς
1282 3368 1409 3433 ὀδόντων.

289 3480 352 3544 Vel
385 3482 420 3544 in
453 3482 669 3544 trimetrorum
704 3480 768 3544 fine
802 3481 886 3544 idem
921 3480 982 3545 sibi
1011 3482 1194 3566 permisisse
1224 3480 1412 3564 Sophoclem

290 3599 403 3658 notum
426 3598 482 3658 esi.
503 3593 575 3658 Vid.
598 3592 739 3657 Dindori
757 3595 793 3656 in
815 3598 953 3658 annotat·
979 3592 1082 3658 Oxou.
1105 3594 1146 3658 ad
1170 3592 1205 3660 Ο.
1228 3593 1265 3660 R„
1290 3597 1363 3661 332.

333 3827 372 3891 V.
396 3829 448 3892 44.
471 3825 602 3906 ἔλπομαι
625 3865 668 3875 -
691 3827 799 3905 βαλεῖν
824 3866 866 3876 —-
889 3827 1111 3906 ἀμεύσασθ’
1132 3828 1255 3902 οὶντίους.

335 3941 482 4006 Praefero
516 3942 647 4006 alteram
677 3942 845 4006 lectionem
873 3940 1095 4019 οὶμεύσεσί.
1127 3941 1171 4006 uf.
1201 3943 1237 4007 P.
1267 3943 1315 4007 IV
1339 3945 1412 4008 243.

292 4053 421 4118 Soloeee
443 4056 596 4137 seriptum
620 4059 669 4118 est
687 4053 723 4118 0.
742 4054 759 4117 1
780 4055 843 4118 109
863 4051 918 4118 ἔτν
937 4052 1119 4134 γλυκυτέραν
1138 4078 1203 4119 κεν
1219 4052 1349 4132 ἔλτομαν
1361 4055 1413 4120 σὺν

292 4162 404 4241 ἅρματι
435 4163 485 4244 ίίιρ
514 4161 634 4238 κλείξενν
664 4166 724 4229 κτὲ.
759 4166 813 4230 ubi
844 4172 909 4231 tres
929 4168 1054 4231 oodioes
1078 4169 1225 4232 voculam
1248 4190 1297 4231 κεν
1320 4171 1413 4234 omit·

292 4284 374 4342 tuni
405 4277 478 4341 Non
509 4279 591 4341 male
617 4278 768 4362 Hartung
791 4277 900 4342 νίκαν
920 4278 1101 4359 γλυκυτέραν
1124 4276 1173 4342 ἔτ’
1197 4277 1328 4358 ἔλτομαν
1350 4282 1411 4345 xri.

291 4389 385 4454 Locis
409 4389 465 4454 ubi
487 4391 636 4454 Aoristus
659 4392 805 4474 sequitur
826 4390 865 4454 N.
888 4390 937 4454 IV
961 4393 1011 4454 92.
1033 4391 1082 4454 vi
1105 4393 1157 4456 27.
1178 4391 1243 4456 VII
1262 4395 1304 4457 20
1325 4413 1413 4480 speo-

293 4509 379 4570 tatur
401 4508 527 4586 tempus
551 4505 765 4587 praeteritum.
