<?xml version="1.0" encoding="UTF-8"?>
<!DOCTYPE html PUBLIC "-//W3C//DTD XHTML 1.0 Transitional//EN"
    "http://www.w3.org/TR/xhtml1/DTD/xhtml1-transitional.dtd">
<html xmlns="http://www.w3.org/1999/xhtml" xml:lang="en" lang="en">
 <head>
  <title>
</title>
<meta http-equiv="Content-Type" content="text/html;charset=utf-8" />
  <meta name='ocr-system' content='tesseract 3.04.00' />
  <meta name='ocr-capabilities' content='ocr_page ocr_carea ocr_par ocr_line ocrx_word'/>
</head>
<body>
  <div class='ocr_page' id='page_1' title='image "./studiacriticaet00herwgoog_0019.png"; bbox 0 0 3626 5598; ppageno 0'>
   <div class='ocr_carea' id='block_1_1' title="bbox 949 699 989 759">
    <p class='ocr_par' dir='ltr' id='par_1_1' title="bbox 949 699 989 759">
     <span class='ocr_line' id='line_1_1' title="bbox 949 699 989 759; baseline 0 0"><span class='ocrx_word' id='word_1_1' title='bbox 949 699 989 759; x_wconf 88' lang='grc'><strong>12</strong></span> 
     </span>
    </p>
   </div>
   <div class='ocr_carea' id='block_1_2' title="bbox 324 879 1531 1303">
    <p class='ocr_par' dir='ltr' id='par_1_2' title="bbox 324 879 1531 1303">
     <span class='ocr_line' id='line_1_2' title="bbox 324 879 1530 966; baseline -0.004 -18"><span class='ocrx_word' id='word_1_2' title='bbox 324 897 327 901; x_wconf 83' lang='grc'><strong>’</strong></span> <span class='ocrx_word' id='word_1_3' title='bbox 454 883 516 948; x_wconf 82' lang='lat' dir='ltr'><strong>Sed</strong></span> <span class='ocrx_word' id='word_1_4' title='bbox 550 883 635 966; x_wconf 92' lang='lat' dir='ltr'><strong>quod</strong></span> <span class='ocrx_word' id='word_1_5' title='bbox 671 885 747 946; x_wconf 88' lang='lat' dir='ltr'><strong>satis</strong></span> <span class='ocrx_word' id='word_1_6' title='bbox 781 887 904 947; x_wconf 88' lang='lat' dir='ltr'><strong>certum</strong></span> <span class='ocrx_word' id='word_1_7' title='bbox 926 884 975 962; x_wconf 79' lang='lat' dir='ltr'><strong>sit,</strong></span> <span class='ocrx_word' id='word_1_8' title='bbox 998 881 1119 946; x_wconf 85' lang='lat' dir='ltr'><strong>frustra</strong></span> <span class='ocrx_word' id='word_1_9' title='bbox 1143 901 1269 964; x_wconf 81' lang='lat' dir='ltr'>quaero.</span> <span class='ocrx_word' id='word_1_10' title='bbox 1295 919 1336 928; x_wconf 94' lang='lat'><em>-</em></span> <span class='ocrx_word' id='word_1_11' title='bbox 1360 881 1399 943; x_wconf 90' lang='lat' dir='ltr'><strong>In</strong></span> <span class='ocrx_word' id='word_1_12' title='bbox 1424 879 1530 944; x_wconf 89' lang='lat' dir='ltr'><strong>verbis</strong></span> 
     </span>
     <span class='ocr_line' id='line_1_3' title="bbox 412 993 1530 1079; baseline -0.003 -20"><span class='ocrx_word' id='word_1_13' title='bbox 412 995 505 1059; x_wconf 93' lang='lat' dir='ltr'><strong>modo</strong></span> <span class='ocrx_word' id='word_1_14' title='bbox 537 997 730 1079; x_wconf 83' lang='lat' dir='ltr'><strong>praegressis</strong></span> <span class='ocrx_word' id='word_1_15' title='bbox 760 995 926 1059; x_wconf 89' lang='lat' dir='ltr'><strong>Pindar.</strong></span> <span class='ocrx_word' id='word_1_16' title='bbox 950 1015 980 1078; x_wconf 91' lang='lat' dir='ltr'><strong>p.</strong></span> <span class='ocrx_word' id='word_1_17' title='bbox 1005 996 1032 1058; x_wconf 89' lang='grc'><strong>9.</strong></span> <span class='ocrx_word' id='word_1_18' title='bbox 1055 995 1277 1058; x_wconf 88' lang='lat' dir='ltr'><strong>commendavi</strong></span> <span class='ocrx_word' id='word_1_19' title='bbox 1300 993 1530 1057; x_wconf 89' lang='lat' dir='ltr'><strong>nonnullorum</strong></span> 
     </span>
     <span class='ocr_line' id='line_1_4' title="bbox 411 1105 1531 1190; baseline -0.002 -20"><span class='ocrx_word' id='word_1_20' title='bbox 411 1107 565 1171; x_wconf 92' lang='lat' dir='ltr'><strong>librorum</strong></span> <span class='ocrx_word' id='word_1_21' title='bbox 599 1107 776 1190; x_wconf 24' lang='lat' dir='ltr'><strong>lectionem·</strong></span> <span class='ocrx_word' id='word_1_22' title='bbox 789 1105 968 1178; x_wconf 79' lang='grc' dir='ltr'><em>αἰδοιέτατος</em></span> <span class='ocrx_word' id='word_1_23' title='bbox 992 1112 1023 1171; x_wconf 90' lang='lat' dir='ltr'><strong>et</strong></span> <span class='ocrx_word' id='word_1_24' title='bbox 1045 1105 1080 1170; x_wconf 92' lang='lat' dir='ltr'><strong>P.</strong></span> <span class='ocrx_word' id='word_1_25' title='bbox 1106 1105 1157 1170; x_wconf 92' lang='lat' dir='ltr'><strong>IX</strong></span> <span class='ocrx_word' id='word_1_26' title='bbox 1182 1108 1223 1169; x_wconf 90' lang='lat'><strong>58</strong></span> <span class='ocrx_word' id='word_1_27' title='bbox 1247 1106 1531 1170; x_wconf 90' lang='lat' dir='ltr'><strong>omniumcodium</strong></span> 
     </span>
     <span class='ocr_line' id='line_1_5' title="bbox 414 1215 1264 1303; baseline -0.001 -21"><span class='ocrx_word' id='word_1_28' title='bbox 414 1221 603 1303; x_wconf 90' lang='lat' dir='ltr'><strong>scripturam</strong></span> <span class='ocrx_word' id='word_1_29' title='bbox 628 1217 767 1298; x_wconf 80' lang='grc' dir='ltr'><em>κρατόςαν</em></span> <span class='ocrx_word' id='word_1_30' title='bbox 790 1239 847 1303; x_wconf 93' lang='lat' dir='ltr'><strong>pro</strong></span> <span class='ocrx_word' id='word_1_31' title='bbox 868 1216 1046 1284; x_wconf 77' lang='grc' dir='ltr'><em>αιδοιέςατον</em></span> <span class='ocrx_word' id='word_1_32' title='bbox 1069 1224 1100 1282; x_wconf 92' lang='lat' dir='ltr'><strong>et</strong></span> <span class='ocrx_word' id='word_1_33' title='bbox 1121 1215 1264 1298; x_wconf 78' lang='grc' dir='ltr'><em>κρότιςον.</em></span> 
     </span>
    </p>
   </div>
   <div class='ocr_carea' id='block_1_3' title="bbox 395 1439 1532 1959">
    <p class='ocr_par' dir='ltr' id='par_1_3' title="bbox 455 1439 1162 1522">
     <span class='ocr_line' id='line_1_6' title="bbox 455 1439 1162 1522; baseline -0.004 -16"><span class='ocrx_word' id='word_1_34' title='bbox 455 1443 494 1506; x_wconf 99' lang='lat' dir='ltr'><strong>V.</strong></span> <span class='ocrx_word' id='word_1_35' title='bbox 519 1445 570 1506; x_wconf 84' lang='lat'><strong>31.</strong></span> <span class='ocrx_word' id='word_1_36' title='bbox 771 1448 928 1514; x_wconf 80' lang='grc' dir='ltr'><em>πνοιαῖς</em></span> <span class='ocrx_word' id='word_1_37' title='bbox 951 1439 1045 1507; x_wconf 80' lang='grc' dir='ltr'><em>όπιόεν</em></span> <span class='ocrx_word' id='word_1_38' title='bbox 1067 1439 1162 1522; x_wconf 72' lang='grc' dir='ltr'><em>Βορέα.</em></span> 
     </span>
    </p>

    <p class='ocr_par' dir='ltr' id='par_1_4' title="bbox 395 1554 1532 1959">
     <span class='ocr_line' id='line_1_7' title="bbox 455 1554 1532 1639; baseline -0.002 -20"><span class='ocrx_word' id='word_1_39' title='bbox 455 1554 599 1620; x_wconf 82' lang='lat' dir='ltr'><strong>Pessime</strong></span> <span class='ocrx_word' id='word_1_40' title='bbox 632 1555 739 1639; x_wconf 84' lang='lat' dir='ltr'><strong>Bergk</strong></span> <span class='ocrx_word' id='word_1_41' title='bbox 763 1556 923 1620; x_wconf 90' lang='lat' dir='ltr'><strong>soloecum</strong></span> <span class='ocrx_word' id='word_1_42' title='bbox 947 1555 1100 1620; x_wconf 86' lang='lat' dir='ltr'><strong>Dativum</strong></span> <span class='ocrx_word' id='word_1_43' title='bbox 1123 1574 1179 1638; x_wconf 91' lang='lat' dir='ltr'><strong>pro</strong></span> <span class='ocrx_word' id='word_1_44' title='bbox 1204 1555 1313 1636; x_wconf 78' lang='grc' dir='ltr'><em>τνοιῖις,</em></span> <span class='ocrx_word' id='word_1_45' title='bbox 1336 1555 1423 1637; x_wconf 92' lang='lat' dir='ltr'><strong>quod</strong></span> <span class='ocrx_word' id='word_1_46' title='bbox 1445 1573 1532 1618; x_wconf 87' lang='lat' dir='ltr'><strong>unus</strong></span> 
     </span>
     <span class='ocr_line' id='line_1_8' title="bbox 411 1663 1532 1750; baseline -0.003 -19"><span class='ocrx_word' id='word_1_47' title='bbox 411 1667 506 1733; x_wconf 84' lang='lat' dir='ltr'><strong>habet</strong></span> <span class='ocrx_word' id='word_1_48' title='bbox 540 1668 641 1732; x_wconf 86' lang='lat' dir='ltr'><strong>codex</strong></span> <span class='ocrx_word' id='word_1_49' title='bbox 665 1663 827 1750; x_wconf 78' lang='lat' dir='ltr'><strong>novicius,</strong></span> <span class='ocrx_word' id='word_1_50' title='bbox 857 1669 988 1732; x_wconf 87' lang='lat' dir='ltr'><strong>retinuit</strong></span> <span class='ocrx_word' id='word_1_51' title='bbox 1012 1667 1051 1731; x_wconf 92' lang='lat' dir='ltr'><strong>ob</strong></span> <span class='ocrx_word' id='word_1_52' title='bbox 1075 1667 1229 1730; x_wconf 91' lang='lat' dir='ltr'><strong>librorum</strong></span> <span class='ocrx_word' id='word_1_53' title='bbox 1254 1667 1373 1730; x_wconf 79' lang='lat' dir='ltr'><strong>scilicet</strong></span> <span class='ocrx_word' id='word_1_54' title='bbox 1396 1667 1532 1729; x_wconf 88' lang='lat' dir='ltr'><strong>auctori·</strong></span> 
     </span>
     <span class='ocr_line' id='line_1_9' title="bbox 395 1760 1532 1856; baseline -0.002 -11"><span class='ocrx_word' id='word_1_55' title='bbox 395 1786 517 1848; x_wconf 84' lang='lat' dir='ltr'><strong>tatem.</strong></span> <span class='ocrx_word' id='word_1_56' title='bbox 541 1778 641 1856; x_wconf 80' lang='lat' dir='ltr'><strong>Quasi</strong></span> <span class='ocrx_word' id='word_1_57' title='bbox 673 1799 749 1844; x_wconf 87' lang='lat' dir='ltr'><strong>vero</strong></span> <span class='ocrx_word' id='word_1_58' title='bbox 782 1800 848 1843; x_wconf 89' lang='lat' dir='ltr'><strong>non</strong></span> <span class='ocrx_word' id='word_1_59' title='bbox 883 1770 1065 1845; x_wconf 86' lang='lat' dir='ltr'><strong>constanter</strong></span> <span class='ocrx_word' id='word_1_60' title='bbox 1093 1762 1120 1843; x_wconf 70' lang='grc' dir='ltr'><strong>οἶ</strong></span> <span class='ocrx_word' id='word_1_61' title='bbox 1147 1763 1178 1844; x_wconf 74' lang='grc' dir='ltr'><strong>αι</strong></span> <span class='ocrx_word' id='word_1_62' title='bbox 1213 1785 1243 1844; x_wconf 91' lang='lat' dir='ltr'><strong>et</strong></span> <span class='ocrx_word' id='word_1_63' title='bbox 1272 1760 1360 1843; x_wconf 56' lang='lat' dir='ltr'><strong>aba</strong></span> <span class='ocrx_word' id='word_1_64' title='bbox 1395 1780 1532 1844; x_wconf 84' lang='lat' dir='ltr'><strong>librariis</strong></span> 
     </span>
     <span class='ocr_line' id='line_1_10' title="bbox 411 1892 1530 1959; baseline -0.002 -1"><span class='ocrx_word' id='word_1_65' title='bbox 411 1892 650 1958; x_wconf 87' lang='lat' dir='ltr'><strong>confundantur</strong></span> <span class='ocrx_word' id='word_1_66' title='bbox 673 1899 704 1958; x_wconf 91' lang='lat' dir='ltr'><strong>et</strong></span> <span class='ocrx_word' id='word_1_67' title='bbox 725 1895 766 1958; x_wconf 88' lang='lat' dir='ltr'><strong>sit</strong></span> <span class='ocrx_word' id='word_1_68' title='bbox 789 1894 856 1958; x_wconf 86' lang='lat' dir='ltr'><strong>ulla</strong></span> <span class='ocrx_word' id='word_1_69' title='bbox 877 1895 913 1956; x_wconf 90' lang='lat' dir='ltr'><strong>in</strong></span> <span class='ocrx_word' id='word_1_70' title='bbox 935 1893 985 1957; x_wconf 87' lang='lat' dir='ltr'><strong>his</strong></span> <span class='ocrx_word' id='word_1_71' title='bbox 1009 1895 1153 1959; x_wconf 89' lang='lat' dir='ltr'><strong>minutiis</strong></span> <span class='ocrx_word' id='word_1_72' title='bbox 1177 1894 1331 1957; x_wconf 87' lang='lat' dir='ltr'><strong>librorum</strong></span> <span class='ocrx_word' id='word_1_73' title='bbox 1351 1895 1530 1958; x_wconf 85' lang='lat' dir='ltr'><strong>auctoritas.</strong></span> 
     </span>
    </p>
   </div>
   <div class='ocr_carea' id='block_1_4' title="bbox 410 2110 1532 2652">
    <p class='ocr_par' dir='ltr' id='par_1_5' title="bbox 410 2110 1532 2652">
     <span class='ocr_line' id='line_1_11' title="bbox 456 2110 1175 2197; baseline 0 -21"><span class='ocrx_word' id='word_1_74' title='bbox 456 2112 581 2197; x_wconf 90' lang='lat' dir='ltr'><strong>Olymp.</strong></span> <span class='ocrx_word' id='word_1_75' title='bbox 599 2113 648 2176; x_wconf 92' lang='lat' dir='ltr'><strong>IV</strong></span> <span class='ocrx_word' id='word_1_76' title='bbox 673 2115 714 2177; x_wconf 85' lang='lat'><strong>19</strong></span> <span class='ocrx_word' id='word_1_77' title='bbox 759 2114 790 2177; x_wconf 78' lang='grc' dir='ltr'><strong>οὐ</strong></span> <span class='ocrx_word' id='word_1_78' title='bbox 813 2112 917 2191; x_wconf 76' lang='grc' dir='ltr'><em>ψεύδεϊ</em></span> <span class='ocrx_word' id='word_1_79' title='bbox 933 2110 1057 2190; x_wconf 72' lang='grc' dir='ltr'><em>τέγξω</em></span> <span class='ocrx_word' id='word_1_80' title='bbox 1080 2111 1175 2191; x_wconf 72' lang='grc' dir='ltr'><em>λόγον.</em></span> 
     </span>
     <span class='ocr_line' id='line_1_12' title="bbox 455 2227 1447 2312; baseline -0.001 -19"><span class='ocrx_word' id='word_1_81' title='bbox 455 2228 533 2293; x_wconf 90' lang='lat' dir='ltr'><strong>Post</strong></span> <span class='ocrx_word' id='word_1_82' title='bbox 556 2233 757 2292; x_wconf 85' lang='lat' dir='ltr'><strong>enumeratas</strong></span> <span class='ocrx_word' id='word_1_83' title='bbox 781 2230 910 2292; x_wconf 87' lang='lat' dir='ltr'><strong>victoris</strong></span> <span class='ocrx_word' id='word_1_84' title='bbox 933 2231 1068 2293; x_wconf 86' lang='lat' dir='ltr'><strong>virtutes</strong></span> <span class='ocrx_word' id='word_1_85' title='bbox 1095 2229 1200 2312; x_wconf 91' lang='lat' dir='ltr'><strong>potius</strong></span> <span class='ocrx_word' id='word_1_86' title='bbox 1224 2227 1447 2311; x_wconf 80' lang='lat' dir='ltr'><strong>expectabam:</strong></span> 
     </span>
     <span class='ocr_line' id='line_1_13' title="bbox 759 2338 1184 2418; baseline 0.002 -15"><span class='ocrx_word' id='word_1_87' title='bbox 759 2341 790 2403; x_wconf 86' lang='grc' dir='ltr'><strong>οὐ</strong></span> <span class='ocrx_word' id='word_1_88' title='bbox 814 2338 918 2418; x_wconf 72' lang='grc' dir='ltr'><em>ψεύδεϊ</em></span> <span class='ocrx_word' id='word_1_89' title='bbox 936 2339 1065 2418; x_wconf 73' lang='grc' dir='ltr'><em>τέγγει</em></span> <span class='ocrx_word' id='word_1_90' title='bbox 1090 2339 1184 2416; x_wconf 74' lang='grc' dir='ltr'><em>λόγον.</em></span> 
     </span>
     <span class='ocr_line' id='line_1_14' title="bbox 456 2450 1532 2538; baseline 0.002 -22"><span class='ocrx_word' id='word_1_91' title='bbox 456 2451 621 2516; x_wconf 86' lang='lat' dir='ltr'><strong>O.VI21</strong></span> <span class='ocrx_word' id='word_1_92' title='bbox 647 2450 819 2533; x_wconf 77' lang='grc' dir='ltr'><em>μαρτυρήσω</em></span> <span class='ocrx_word' id='word_1_93' title='bbox 840 2459 887 2517; x_wconf 86' lang='lat' dir='ltr'><strong>cst</strong></span> <span class='ocrx_word' id='word_1_94' title='bbox 922 2473 1030 2517; x_wconf 88' lang='lat' dir='ltr'><strong>nunc</strong></span> <span class='ocrx_word' id='word_1_95' title='bbox 1063 2459 1101 2518; x_wconf 85' lang='lat' dir='ltr'><strong>et</strong></span> <span class='ocrx_word' id='word_1_96' title='bbox 1136 2473 1294 2538; x_wconf 85' lang='lat' dir='ltr'><strong>semper</strong></span> <span class='ocrx_word' id='word_1_97' title='bbox 1327 2454 1532 2537; x_wconf 85' lang='lat' dir='ltr'><strong>testabor,</strong></span> 
     </span>
     <span class='ocr_line' id='line_1_15' title="bbox 410 2564 1532 2652; baseline 0.001 -22"><span class='ocrx_word' id='word_1_98' title='bbox 410 2585 516 2650; x_wconf 88' lang='lat' dir='ltr'><strong>neque</strong></span> <span class='ocrx_word' id='word_1_99' title='bbox 549 2567 613 2630; x_wconf 90' lang='lat' dir='ltr'><strong>huc</strong></span> <span class='ocrx_word' id='word_1_100' title='bbox 646 2568 781 2651; x_wconf 84' lang='lat' dir='ltr'><strong>pertinet</strong></span> <span class='ocrx_word' id='word_1_101' title='bbox 816 2564 852 2629; x_wconf 93' lang='grc' dir='ltr'><strong>Ο.</strong></span> <span class='ocrx_word' id='word_1_102' title='bbox 882 2566 954 2628; x_wconf 81' lang='lat' dir='ltr'><strong>VII.</strong></span> <span class='ocrx_word' id='word_1_103' title='bbox 991 2568 1032 2629; x_wconf 83' lang='lat'><strong>20</strong></span> <span class='ocrx_word' id='word_1_104' title='bbox 1068 2566 1200 2640; x_wconf 76' lang='grc' dir='ltr'><em>ε’όειιόσω,</em></span> <span class='ocrx_word' id='word_1_105' title='bbox 1234 2569 1355 2631; x_wconf 89' lang='lat' dir='ltr'><strong>dictum</strong></span> <span class='ocrx_word' id='word_1_106' title='bbox 1378 2573 1416 2631; x_wconf 92' lang='lat' dir='ltr'><strong>ut</strong></span> <span class='ocrx_word' id='word_1_107' title='bbox 1438 2586 1532 2652; x_wconf 82' lang='lat' dir='ltr'><strong>saepe</strong></span> 
     </span>
    </p>
   </div>
   <div class='ocr_carea' id='block_1_5' title="bbox 414 2677 990 2762">
    <p class='ocr_par' dir='ltr' id='par_1_6' title="bbox 414 2677 990 2762">
     <span class='ocr_line' id='line_1_16' title="bbox 414 2677 990 2762; baseline -0.002 -21"><span class='ocrx_word' id='word_1_108' title='bbox 414 2677 610 2757; x_wconf 73' lang='grc' dir='ltr'><strong><em>βουλήσομαι.</em></strong></span> <span class='ocrx_word' id='word_1_109' title='bbox 635 2678 679 2743; x_wconf 81' lang='lat' dir='ltr'><strong>cf.</strong></span> <span class='ocrx_word' id='word_1_110' title='bbox 703 2680 867 2743; x_wconf 79' lang='lat' dir='ltr'><strong>Piedar.</strong></span> <span class='ocrx_word' id='word_1_111' title='bbox 889 2700 917 2762; x_wconf 92' lang='lat' dir='ltr'><strong>p.</strong></span> <span class='ocrx_word' id='word_1_112' title='bbox 941 2679 990 2741; x_wconf 87' lang='lat'><strong>11.</strong></span> 
     </span>
    </p>
   </div>
   <div class='ocr_carea' id='block_1_6' title="bbox 410 2900 1533 4573">
    <p class='ocr_par' dir='ltr' id='par_1_7' title="bbox 457 2900 1354 2989">
     <span class='ocr_line' id='line_1_17' title="bbox 457 2900 1354 2989; baseline -0.002 -21"><span class='ocrx_word' id='word_1_113' title='bbox 457 2903 582 2989; x_wconf 89' lang='lat' dir='ltr'><strong>Olymp.</strong></span> <span class='ocrx_word' id='word_1_114' title='bbox 606 2905 644 2968; x_wconf 90' lang='lat' dir='ltr'><strong>V.</strong></span> <span class='ocrx_word' id='word_1_115' title='bbox 670 2907 688 2967; x_wconf 95' lang='grc'><strong>7</strong></span> <span class='ocrx_word' id='word_1_116' title='bbox 943 2963 948 2979; x_wconf 83' lang='grc'><strong>,</strong></span> <span class='ocrx_word' id='word_1_117' title='bbox 1002 2900 1049 2967; x_wconf 73' lang='grc' dir='ltr'><strong>τόν</strong></span> <span class='ocrx_word' id='word_1_118' title='bbox 1072 2902 1103 2966; x_wconf 79' lang='grc' dir='ltr'><strong>δὲ</strong></span> <span class='ocrx_word' id='word_1_119' title='bbox 1126 2902 1209 2974; x_wconf 80' lang='grc' dir='ltr'><em>κῦδος</em></span> <span class='ocrx_word' id='word_1_120' title='bbox 1236 2901 1354 2980; x_wconf 82' lang='grc' dir='ltr'><em>οόβρόν</em></span> 
     </span>
    </p>

    <p class='ocr_par' dir='ltr' id='par_1_8' title="bbox 721 3015 1006 3090">
     <span class='ocr_line' id='line_1_18' title="bbox 721 3015 1006 3090; baseline -0.004 -11"><span class='ocrx_word' id='word_1_121' title='bbox 721 3015 854 3088; x_wconf 84' lang='grc' dir='ltr'><em>νικοόοαις</em></span> <span class='ocrx_word' id='word_1_122' title='bbox 877 3015 1006 3090; x_wconf 80' lang='grc' dir='ltr'><em>όνὲόιριιε.</em></span> 
     </span>
    </p>

    <p class='ocr_par' dir='ltr' id='par_1_9' title="bbox 410 3126 1533 4573">
     <span class='ocr_line' id='line_1_19' title="bbox 454 3126 1527 3214; baseline -0.001 -19"><span class='ocrx_word' id='word_1_123' title='bbox 454 3131 561 3196; x_wconf 88' lang='lat' dir='ltr'><strong>Naber</strong></span> <span class='ocrx_word' id='word_1_124' title='bbox 582 3153 611 3214; x_wconf 92' lang='lat' dir='ltr'><strong>p.</strong></span> <span class='ocrx_word' id='word_1_125' title='bbox 624 3132 665 3194; x_wconf 86' lang='grc'><strong>41</strong></span> <span class='ocrx_word' id='word_1_126' title='bbox 680 3150 725 3213; x_wconf 91' lang='lat' dir='ltr'><strong>sq.</strong></span> <span class='ocrx_word' id='word_1_127' title='bbox 749 3130 926 3212; x_wconf 84' lang='lat' dir='ltr'><strong>„Potestne</strong></span> <span class='ocrx_word' id='word_1_128' title='bbox 939 3131 1011 3212; x_wconf 87' lang='lat' dir='ltr'><strong>quis</strong></span> <span class='ocrx_word' id='word_1_129' title='bbox 1023 3131 1056 3192; x_wconf 88' lang='lat' dir='ltr'><strong>in</strong></span> <span class='ocrx_word' id='word_1_130' title='bbox 1069 3129 1296 3193; x_wconf 86' lang='lat' dir='ltr'><strong>certaminibus</strong></span> <span class='ocrx_word' id='word_1_131' title='bbox 1308 3126 1430 3208; x_wconf 85' lang='grc' dir='ltr'><em>όιρασόαι</em></span> <span class='ocrx_word' id='word_1_132' title='bbox 1442 3130 1527 3201; x_wconf 85' lang='grc' dir='ltr'><em>κῦδος</em></span> 
     </span>
     <span class='ocr_line' id='line_1_20' title="bbox 411 3240 1528 3326; baseline -0.001 -19"><span class='ocrx_word' id='word_1_133' title='bbox 411 3243 523 3323; x_wconf 69' lang='lat' dir='ltr'><strong>cepta?</strong></span> <span class='ocrx_word' id='word_1_134' title='bbox 549 3243 719 3307; x_wconf 80' lang='lat' dir='ltr'><strong>Credebam</strong></span> <span class='ocrx_word' id='word_1_135' title='bbox 741 3262 867 3306; x_wconf 89' lang='lat' dir='ltr'><strong>omnem</strong></span> <span class='ocrx_word' id='word_1_136' title='bbox 889 3240 1042 3321; x_wconf 76' lang='grc' dir='ltr'><em>ἁβρότητα</em></span> <span class='ocrx_word' id='word_1_137' title='bbox 1059 3242 1097 3305; x_wconf 89' lang='lat' dir='ltr'><strong>ab</strong></span> <span class='ocrx_word' id='word_1_138' title='bbox 1117 3241 1180 3305; x_wconf 89' lang='lat' dir='ltr'><strong>illis</strong></span> <span class='ocrx_word' id='word_1_139' title='bbox 1201 3242 1285 3305; x_wconf 83' lang='lat' dir='ltr'><strong>ludis</strong></span> <span class='ocrx_word' id='word_1_140' title='bbox 1304 3242 1399 3326; x_wconf 87' lang='lat' dir='ltr'><strong>louge</strong></span> <span class='ocrx_word' id='word_1_141' title='bbox 1410 3242 1528 3308; x_wconf 86' lang='lat' dir='ltr'><strong>abesse.</strong></span> 
     </span>
     <span class='ocr_line' id='line_1_21' title="bbox 412 3354 1532 3446; baseline -0.004 -24"><span class='ocrx_word' id='word_1_142' title='bbox 412 3357 464 3422; x_wconf 84' lang='lat' dir='ltr'><strong>Sic</strong></span> <span class='ocrx_word' id='word_1_143' title='bbox 497 3363 603 3421; x_wconf 91' lang='lat' dir='ltr'><strong>tamen</strong></span> <span class='ocrx_word' id='word_1_144' title='bbox 636 3356 660 3419; x_wconf 91' lang='grc' dir='ltr'><strong>Ι.</strong></span> <span class='ocrx_word' id='word_1_145' title='bbox 695 3356 719 3418; x_wconf 92' lang='grc' dir='ltr'><strong>Ι.</strong></span> <span class='ocrx_word' id='word_1_146' title='bbox 746 3358 786 3419; x_wconf 87' lang='grc'><strong>50</strong></span> <span class='ocrx_word' id='word_1_147' title='bbox 818 3361 849 3419; x_wconf 93' lang='lat' dir='ltr'><strong>et</strong></span> <span class='ocrx_word' id='word_1_148' title='bbox 880 3354 914 3418; x_wconf 93' lang='grc' dir='ltr'><strong>Ο.</strong></span> <span class='ocrx_word' id='word_1_149' title='bbox 939 3355 977 3418; x_wconf 87' lang='lat' dir='ltr'><strong>V.</strong></span> <span class='ocrx_word' id='word_1_150' title='bbox 1004 3356 1030 3446; x_wconf 95' lang='grc'><strong>7.</strong></span> <span class='ocrx_word' id='word_1_151' title='bbox 1055 3354 1202 3419; x_wconf 85' lang='lat' dir='ltr'><strong>Dicerem</strong></span> <span class='ocrx_word' id='word_1_152' title='bbox 1225 3356 1294 3418; x_wconf 88' lang='lat' dir='ltr'><strong>siue</strong></span> <span class='ocrx_word' id='word_1_153' title='bbox 1317 3356 1532 3420; x_wconf 83' lang='lat' dir='ltr'><strong>controversia</strong></span> 
     </span>
     <span class='ocr_line' id='line_1_22' title="bbox 412 3466 1531 3554; baseline -0.001 -20"><span class='ocrx_word' id='word_1_154' title='bbox 412 3491 523 3535; x_wconf 88' lang='lat' dir='ltr'><strong>verum</strong></span> <span class='ocrx_word' id='word_1_155' title='bbox 547 3489 617 3535; x_wconf 86' lang='lat' dir='ltr'><strong>esse</strong></span> <span class='ocrx_word' id='word_1_156' title='bbox 640 3468 725 3540; x_wconf 81' lang='grc' dir='ltr'><em>κῦδος</em></span> <span class='ocrx_word' id='word_1_157' title='bbox 748 3466 840 3547; x_wconf 86' lang='grc' dir='ltr'><em>όδρόν,</em></span> <span class='ocrx_word' id='word_1_158' title='bbox 865 3469 920 3532; x_wconf 90' lang='lat' dir='ltr'><strong>sed</strong></span> <span class='ocrx_word' id='word_1_159' title='bbox 943 3469 976 3532; x_wconf 90' lang='lat' dir='ltr'><strong>id</strong></span> <span class='ocrx_word' id='word_1_160' title='bbox 996 3488 1048 3532; x_wconf 92' lang='lat' dir='ltr'><strong>me</strong></span> <span class='ocrx_word' id='word_1_161' title='bbox 1066 3469 1180 3532; x_wconf 89' lang='lat' dir='ltr'><strong>retinet</strong></span> <span class='ocrx_word' id='word_1_162' title='bbox 1200 3469 1285 3552; x_wconf 91' lang='lat' dir='ltr'><strong>quod</strong></span> <span class='ocrx_word' id='word_1_163' title='bbox 1305 3468 1389 3552; x_wconf 88' lang='lat' dir='ltr'><strong>apud</strong></span> <span class='ocrx_word' id='word_1_164' title='bbox 1409 3475 1531 3554; x_wconf 87' lang='lat' dir='ltr'><strong>veteres</strong></span> 
     </span>
     <span class='ocr_line' id='line_1_23' title="bbox 410 3580 1532 3668; baseline -0.001 -22"><span class='ocrx_word' id='word_1_165' title='bbox 410 3589 519 3668; x_wconf 90' lang='lat' dir='ltr'><strong>poetas</strong></span> <span class='ocrx_word' id='word_1_166' title='bbox 554 3583 745 3646; x_wconf 86' lang='lat' dir='ltr'><strong>adiectivum</strong></span> <span class='ocrx_word' id='word_1_167' title='bbox 782 3601 846 3644; x_wconf 91' lang='lat' dir='ltr'><strong>non</strong></span> <span class='ocrx_word' id='word_1_168' title='bbox 869 3580 1021 3665; x_wconf 86' lang='lat' dir='ltr'><strong>reperio.&#39;’</strong></span> <span class='ocrx_word' id='word_1_169' title='bbox 1044 3580 1146 3644; x_wconf 88' lang='lat' dir='ltr'><strong>Abest</strong></span> <span class='ocrx_word' id='word_1_170' title='bbox 1169 3601 1245 3645; x_wconf 85' lang='lat' dir='ltr'><strong>saue</strong></span> <span class='ocrx_word' id='word_1_171' title='bbox 1269 3581 1307 3644; x_wconf 89' lang='lat' dir='ltr'><strong>ab</strong></span> <span class='ocrx_word' id='word_1_172' title='bbox 1330 3583 1410 3666; x_wconf 87' lang='lat' dir='ltr'><strong>ipsis</strong></span> <span class='ocrx_word' id='word_1_173' title='bbox 1434 3587 1532 3646; x_wconf 88' lang='lat' dir='ltr'><strong>certa·</strong></span> 
     </span>
     <span class='ocr_line' id='line_1_24' title="bbox 411 3692 1532 3777; baseline -0.001 -18"><span class='ocrx_word' id='word_1_174' title='bbox 411 3694 553 3759; x_wconf 89' lang='lat' dir='ltr'><strong>minibus</strong></span> <span class='ocrx_word' id='word_1_175' title='bbox 588 3692 724 3774; x_wconf 82' lang='grc' dir='ltr'><em>όβρότνς.</em></span> <span class='ocrx_word' id='word_1_176' title='bbox 750 3695 806 3759; x_wconf 91' lang='lat' dir='ltr'><strong>sed</strong></span> <span class='ocrx_word' id='word_1_177' title='bbox 830 3696 961 3758; x_wconf 91' lang='lat' dir='ltr'><strong>minime</strong></span> <span class='ocrx_word' id='word_1_178' title='bbox 984 3694 1073 3758; x_wconf 90' lang='lat' dir='ltr'><strong>abest</strong></span> <span class='ocrx_word' id='word_1_179' title='bbox 1097 3715 1115 3757; x_wconf 90' lang='lat' dir='ltr'><strong>a</strong></span> <span class='ocrx_word' id='word_1_180' title='bbox 1139 3694 1239 3777; x_wconf 86' lang='lat' dir='ltr'><strong>gloria</strong></span> <span class='ocrx_word' id='word_1_181' title='bbox 1262 3696 1399 3759; x_wconf 87' lang='lat' dir='ltr'><strong>victoris.</strong></span> <span class='ocrx_word' id='word_1_182' title='bbox 1425 3693 1532 3775; x_wconf 74' lang='grc' dir='ltr'><em>’Λβρός</em></span> 
     </span>
     <span class='ocr_line' id='line_1_25' title="bbox 411 3806 1530 3891; baseline -0.001 -20"><span class='ocrx_word' id='word_1_183' title='bbox 411 3808 551 3872; x_wconf 89' lang='lat' dir='ltr'><strong>Pindaro</strong></span> <span class='ocrx_word' id='word_1_184' title='bbox 574 3809 700 3890; x_wconf 87' lang='lat' dir='ltr'><strong>saepius</strong></span> <span class='ocrx_word' id='word_1_185' title='bbox 721 3813 769 3871; x_wconf 90' lang='lat' dir='ltr'><strong>est</strong></span> <span class='ocrx_word' id='word_1_186' title='bbox 799 3806 1069 3891; x_wconf 85' lang='lat' dir='ltr'><strong>splendidus,</strong></span> <span class='ocrx_word' id='word_1_187' title='bbox 1091 3807 1208 3870; x_wconf 79' lang='lat' dir='ltr'><strong>felix,</strong></span> <span class='ocrx_word' id='word_1_188' title='bbox 1232 3807 1267 3870; x_wconf 93' lang='lat' dir='ltr'><strong>P.</strong></span> <span class='ocrx_word' id='word_1_189' title='bbox 1291 3807 1342 3870; x_wconf 89' lang='grc' dir='ltr'><strong>ΠΙ</strong></span> <span class='ocrx_word' id='word_1_190' title='bbox 1367 3808 1429 3871; x_wconf 86' lang='grc'><strong>110</strong></span> <span class='ocrx_word' id='word_1_191' title='bbox 1453 3808 1477 3870; x_wconf 83' lang='grc' dir='ltr'><strong>εἷ</strong></span> <span class='ocrx_word' id='word_1_192' title='bbox 1499 3806 1530 3873; x_wconf 79' lang='grc' dir='ltr'><strong>δέ</strong></span> 
     </span>
     <span class='ocr_line' id='line_1_26' title="bbox 411 3916 1530 3999; baseline 0.001 -15"><span class='ocrx_word' id='word_1_193' title='bbox 411 3943 460 3998; x_wconf 83' lang='grc' dir='ltr'><strong>μοι</strong></span> <span class='ocrx_word' id='word_1_194' title='bbox 494 3917 644 3996; x_wconf 79' lang='grc' dir='ltr'><em>πότμον</em></span> <span class='ocrx_word' id='word_1_195' title='bbox 678 3920 736 3990; x_wconf 83' lang='grc' dir='ltr'><em>όεὸς</em></span> <span class='ocrx_word' id='word_1_196' title='bbox 771 3917 890 3999; x_wconf 73' lang='grc' dir='ltr'><em>ἁβρόν</em></span> <span class='ocrx_word' id='word_1_197' title='bbox 925 3916 1028 3999; x_wconf 74' lang='grc' dir='ltr'><em>όρέξαι.</em></span> <span class='ocrx_word' id='word_1_198' title='bbox 1064 3919 1101 3984; x_wconf 90' lang='grc' dir='ltr'><strong>Ρ.</strong></span> <span class='ocrx_word' id='word_1_199' title='bbox 1127 3919 1208 3983; x_wconf 87' lang='lat' dir='ltr'><strong>VIII</strong></span> <span class='ocrx_word' id='word_1_200' title='bbox 1232 3922 1274 3984; x_wconf 90' lang='lat'><strong>88</strong></span> <span class='ocrx_word' id='word_1_201' title='bbox 1297 3919 1311 3983; x_wconf 85' lang='grc' dir='ltr'><em>ό</em></span> <span class='ocrx_word' id='word_1_202' title='bbox 1335 3920 1366 3984; x_wconf 76' lang='grc' dir='ltr'><strong>δὲ</strong></span> <span class='ocrx_word' id='word_1_203' title='bbox 1390 3920 1480 3985; x_wconf 82' lang='grc' dir='ltr'><em>καλόν</em></span> <span class='ocrx_word' id='word_1_204' title='bbox 1502 3944 1530 3985; x_wconf 94' lang='grc' dir='ltr'><strong>τι</strong></span> 
     </span>
     <span class='ocr_line' id='line_1_27' title="bbox 411 4028 1530 4112; baseline 0.001 -16"><span class='ocrx_word' id='word_1_205' title='bbox 411 4032 470 4098; x_wconf 82' lang='grc' dir='ltr'><em>νέον</em></span> <span class='ocrx_word' id='word_1_206' title='bbox 500 4034 605 4111; x_wconf 76' lang='grc' dir='ltr'><em>λαχὼν</em></span> <span class='ocrx_word' id='word_1_207' title='bbox 627 4029 849 4112; x_wconf 79' lang='grc' dir='ltr'><em>ιὶβρότατος</em></span> <span class='ocrx_word' id='word_1_208' title='bbox 872 4029 922 4095; x_wconf 74' lang='grc' dir='ltr'><em>ε’τδ</em></span> <span class='ocrx_word' id='word_1_209' title='bbox 946 4029 1087 4108; x_wconf 76' lang='grc' dir='ltr'><em>αεγοόλας</em></span> <span class='ocrx_word' id='word_1_210' title='bbox 1110 4028 1143 4105; x_wconf 78' lang='grc' dir='ltr'><strong>ἐξ</strong></span> <span class='ocrx_word' id='word_1_211' title='bbox 1166 4031 1285 4103; x_wconf 76' lang='grc' dir='ltr'><em>ἐλπίδος</em></span> <span class='ocrx_word' id='word_1_212' title='bbox 1307 4031 1435 4097; x_wconf 75' lang='grc' dir='ltr'><em>τέταται</em></span> <span class='ocrx_word' id='word_1_213' title='bbox 1460 4033 1530 4098; x_wconf 82' lang='grc' dir='ltr'><em>ὑπο-</em></span> 
     </span>
     <span class='ocr_line' id='line_1_28' title="bbox 411 4144 1532 4231; baseline 0.002 -22"><span class='ocrx_word' id='word_1_214' title='bbox 411 4145 522 4227; x_wconf 81' lang='grc' dir='ltr'><em>πτέροις</em></span> <span class='ocrx_word' id='word_1_215' title='bbox 544 4144 681 4225; x_wconf 85' lang='grc' dir='ltr'><em>οόνορέαις,</em></span> <span class='ocrx_word' id='word_1_216' title='bbox 705 4146 761 4210; x_wconf 80' lang='lat' dir='ltr'><strong>ubi</strong></span> <span class='ocrx_word' id='word_1_217' title='bbox 774 4152 857 4210; x_wconf 86' lang='lat' dir='ltr'><strong>recte</strong></span> <span class='ocrx_word' id='word_1_218' title='bbox 869 4146 1037 4210; x_wconf 86' lang='lat' dir='ltr'><strong>scholiasta</strong></span> <span class='ocrx_word' id='word_1_219' title='bbox 1048 4147 1205 4211; x_wconf 72' lang='lat' dir='ltr'><strong>intellerdt</strong></span> <span class='ocrx_word' id='word_1_220' title='bbox 1216 4145 1412 4223; x_wconf 77' lang='grc' dir='ltr'><em>εὐδαιμονίας,</em></span> <span class='ocrx_word' id='word_1_221' title='bbox 1425 4166 1532 4231; x_wconf 90' lang='lat' dir='ltr'><strong>neque</strong></span> 
     </span>
     <span class='ocr_line' id='line_1_29' title="bbox 412 4256 1533 4344; baseline -0.004 -18"><span class='ocrx_word' id='word_1_222' title='bbox 412 4261 503 4326; x_wconf 80' lang='lat' dir='ltr'><strong>afiter</strong></span> <span class='ocrx_word' id='word_1_223' title='bbox 536 4261 678 4344; x_wconf 87' lang='lat' dir='ltr'><strong>intelligo</strong></span> <span class='ocrx_word' id='word_1_224' title='bbox 709 4260 743 4323; x_wconf 93' lang='lat' dir='ltr'><strong>P.</strong></span> <span class='ocrx_word' id='word_1_225' title='bbox 767 4259 818 4323; x_wconf 83' lang='lat' dir='ltr'><strong>IX</strong></span> <span class='ocrx_word' id='word_1_226' title='bbox 849 4262 891 4324; x_wconf 82' lang='lat'><strong>34</strong></span> <span class='ocrx_word' id='word_1_227' title='bbox 921 4261 1025 4335; x_wconf 81' lang='grc' dir='ltr'><em>Τρώων</em></span> <span class='ocrx_word' id='word_1_228' title='bbox 1047 4256 1132 4322; x_wconf 83' lang='grc' dir='ltr'><em>ἔλυσε</em></span> <span class='ocrx_word' id='word_1_229' title='bbox 1156 4258 1262 4336; x_wconf 79' lang='grc' dir='ltr'><em>δόμους</em></span> <span class='ocrx_word' id='word_1_230' title='bbox 1285 4257 1459 4339; x_wconf 78' lang='grc' dir='ltr'><em>ἁβρότατος.</em></span> <span class='ocrx_word' id='word_1_231' title='bbox 1485 4259 1533 4324; x_wconf 81' lang='lat' dir='ltr'><strong>Of.</strong></span> 
     </span>
     <span class='ocr_line' id='line_1_30' title="bbox 413 4370 1528 4457; baseline -0.004 -19"><span class='ocrx_word' id='word_1_232' title='bbox 413 4374 507 4438; x_wconf 87' lang='lat' dir='ltr'><strong>etiam</strong></span> <span class='ocrx_word' id='word_1_233' title='bbox 530 4373 554 4435; x_wconf 92' lang='grc' dir='ltr'><strong>Ι.</strong></span> <span class='ocrx_word' id='word_1_234' title='bbox 579 4372 660 4435; x_wconf 83' lang='lat' dir='ltr'><strong>VIII</strong></span> <span class='ocrx_word' id='word_1_235' title='bbox 685 4373 735 4454; x_wconf 48' lang='lat'><strong>711,</strong></span> <span class='ocrx_word' id='word_1_236' title='bbox 759 4372 814 4436; x_wconf 90' lang='lat' dir='ltr'><strong>ubi</strong></span> <span class='ocrx_word' id='word_1_237' title='bbox 833 4375 984 4436; x_wconf 86' lang='lat' dir='ltr'><strong>victoriae</strong></span> <span class='ocrx_word' id='word_1_238' title='bbox 995 4375 1172 4457; x_wconf 90' lang='lat' dir='ltr'><strong>praemium</strong></span> <span class='ocrx_word' id='word_1_239' title='bbox 1186 4373 1275 4437; x_wconf 92' lang='lat' dir='ltr'><strong>audit</strong></span> <span class='ocrx_word' id='word_1_240' title='bbox 1286 4371 1376 4451; x_wconf 79' lang='grc' dir='ltr'><em>οἱβρδς</em></span> <span class='ocrx_word' id='word_1_241' title='bbox 1388 4370 1528 4451; x_wconf 83' lang='grc' dir='ltr'><em>μυρσίνας</em></span> 
     </span>
     <span class='ocr_line' id='line_1_31' title="bbox 414 4484 1531 4573; baseline 0.001 -24"><span class='ocrx_word' id='word_1_242' title='bbox 414 4484 571 4568; x_wconf 82' lang='grc' dir='ltr'><em>στέφανος,</em></span> <span class='ocrx_word' id='word_1_243' title='bbox 595 4493 626 4550; x_wconf 89' lang='lat' dir='ltr'><strong>et</strong></span> <span class='ocrx_word' id='word_1_244' title='bbox 647 4487 683 4550; x_wconf 86' lang='lat' dir='ltr'><strong>fr.</strong></span> <span class='ocrx_word' id='word_1_245' title='bbox 708 4485 750 4569; x_wconf 79' lang='grc' dir='ltr'><strong>Π,</strong></span> <span class='ocrx_word' id='word_1_246' title='bbox 776 4487 803 4548; x_wconf 92' lang='grc'><strong>1.</strong></span> <span class='ocrx_word' id='word_1_247' title='bbox 826 4485 860 4551; x_wconf 82' lang='lat' dir='ltr'><strong>Si</strong></span> <span class='ocrx_word' id='word_1_248' title='bbox 884 4486 960 4573; x_wconf 92' lang='lat' dir='ltr'><strong>quid</strong></span> <span class='ocrx_word' id='word_1_249' title='bbox 984 4487 1172 4552; x_wconf 88' lang='lat' dir='ltr'><strong>mutandum</strong></span> <span class='ocrx_word' id='word_1_250' title='bbox 1198 4486 1287 4568; x_wconf 88' lang='lat' dir='ltr'><strong>foret,</strong></span> <span class='ocrx_word' id='word_1_251' title='bbox 1308 4487 1415 4572; x_wconf 92' lang='lat' dir='ltr'><strong>potius</strong></span> <span class='ocrx_word' id='word_1_252' title='bbox 1435 4487 1531 4550; x_wconf 84' lang='lat' dir='ltr'><strong>corri-</strong></span> 
     </span>
    </p>
   </div>
   <div class='ocr_carea' id='block_1_7' title="bbox 0 0 1819 5598">
    <p class='ocr_par' dir='ltr' id='par_1_10' title="bbox 0 0 1819 5598">
     <span class='ocr_line' id='line_1_32' title="bbox 0 0 1819 5598; baseline 0 0"><span class='ocrx_word' id='word_1_253' title='bbox 0 0 1819 5598; x_wconf 95' lang='lat' dir='ltr'><strong> </strong></span> 
     </span>
    </p>
   </div>
  </div>
 </body>
</html>
