3626 5598
947 697 988 759 30

409 877 519 942 durior
540 878 629 942 nasci
651 877 778 942 videtur
800 883 977 958 structura3
999 879 1201 944 admittentes
1214 880 1376 961 synizesin
1388 881 1422 943 in
1434 879 1527 942 ἑαλω-

408 985 491 1059 adra,
516 989 638 1070 syllaba
660 1010 724 1055 non
748 991 901 1074 producta
924 991 964 1054 ad
987 992 1171 1075 exemplum
1194 994 1283 1056 vocis
1307 991 1367 1065 δέος
1385 993 1421 1057 Ρ.
1441 991 1458 1055 Ι
1478 992 1528 1073 56,

409 1101 613 1166 abuteremnr
634 1104 704 1167 loco
725 1103 860 1168 fortasse
883 1124 948 1168 non
971 1107 1103 1188 integro,
1126 1110 1157 1169 et
1181 1107 1209 1169 si
1228 1107 1352 1190 integer
1372 1107 1530 1188 sitexpe-

409 1214 524 1279 diendo
549 1215 708 1299 quomodo
732 1217 834 1280 voluit
857 1216 963 1301 Bergk
982 1219 1016 1280 in
1037 1217 1239 1282 adnotatione
1258 1218 1298 1282 ad
1317 1238 1391 1282 eum
1404 1219 1528 1298 locum3

409 1332 536 1393 utentes
570 1328 749 1412 aphaeresi‚
784 1349 866 1412 quae
901 1331 1021 1394 uocalis
1052 1339 1078 1393 E
1109 1332 1223 1415 spiritu
1253 1352 1364 1416 aspero
1388 1334 1530 1397 munitae

409 1443 571 1506 rarissima
604 1447 662 1516 est,
696 1447 832 1507 metrum
866 1445 1094 1528 iugularomus.
1127 1443 1253 1521 Quibus
1285 1447 1323 1511 de
1355 1448 1470 1529 censio,
1501 1447 1530 1511 si

410 1553 530 1620 abiecta
563 1555 770 1640 reduplicatio
805 1557 930 1622 defendi
964 1563 1117 1642 nequeat,
1141 1561 1236 1624 etiam
1267 1561 1361 1624 inviti
1385 1562 1531 1644 cogimur

409 1670 549 1752 accipere
582 1667 701 1733 Naberi
735 1672 969 1735 correctionem.
1007 1670 1124 1736 Gratus
1159 1673 1198 1737 ab
1235 1674 1345 1738 eodem
1378 1674 1530 1756 accipiam

409 1782 506 1846 v.‘80
536 1779 727 1849 irriserat
757 1782 886 1860 μαθών
910 1803 966 1867 pro
990 1782 1079 1866 ἕτίςρι
1102 1782 1255 1861 μανθάνων
1280 1791 1362 1850 etv.
1386 1787 1428 1850 83
1453 1782 1531 1865 ςρὲ-

410 1897 536 1972 ψαντι
565 1915 622 1979 pro
650 1892 860 1974 τρέψαντι,
886 1915 1022 1978 quarum
1046 1899 1278 1963 correctionum
1304 1899 1386 1962 bane
1410 1898 1534 1963 dudum

411 2007 446 2069 in
469 2001 659 2091 exemplaris
683 2007 745 2070 mei
770 2008 913 2091 margine
936 2013 1170 2073 annotaveram.

456 2216 496 2280 V.
522 2218 594 2282 101.
617 2217 646 2281 ἕν
669 2216 789 2297 πολέμῳ
811 2213 903 2290 τόξοις
925 2217 984 2283 art
1007 2217 1115 2298 ψυχὰν
1134 2219 1265 2284 λιπών.
1287 2220 1367 2286 Cum
1386 2221 1533 2287 Heckero

414 2333 543 2415 requiro
577 2329 727 2408 βαλών,
763 2333 825 2396 nisi
858 2331 939 2396 forte
973 2333 1079 2398 lenius
1113 2335 1269 2418 corrigere
1303 2335 1377 2400 lieet
1409 2334 1532 2400 δικών.

412 2443 484 2508 Hoc
506 2444 640 2509 verbum
661 2444 779 2528 legitur
802 2443 837 2508 Ο.
860 2444 895 2508 Χ
919 2446 959 2508 72
983 2452 1015 2511 et
1037 2446 1073 2512 P.
1095 2446 1146 2510 IX
1170 2447 1242 2511 123.
1265 2446 1382 2513 Pind.
1408 2448 1460 2513 15.

457 2651 550 2736 Pyth.
572 2654 621 2718 IV
644 2657 672 2719 3.
702 2654 854 2720 Deloatur
877 2657 1067 2740 quantocius
1090 2657 1251 2721 annotatio
1275 2675 1346 2723 mea
1369 2659 1462 2724 adh.
1485 2679 1532 2724 vs.

412 2768 448 2830 in
471 2767 586 2831 Pind.
609 2767 628 2830 l.
651 2767 671 2831 l.

460 2977 498 3042 V.
524 2978 573 3041 10.
597 2975 714 3060 ἑβδόμᾳ
735 2975 800 3041 καὶ
822 2975 887 3040 σὺν
910 2976 1022 3060 bruodra
1044 2981 1141 3060 γενεᾷ.

459 3090 512 3155 Ad
542 3090 783 3174 hyperbaticum
811 3110 908 3154 usum
931 3090 1062 3155 voculae
1085 3089 1138 3155 καί
1159 3091 1244 3175 apud
1262 3097 1412 3157 ‘nostrum
1435 3091 1473 3156 cf.
1498 3089 1534 3156 O.

412 3201 449 3268 Π
484 3204 534 3267 31.
565 3202 597 3266 V
629 3204 679 3267 16.
710 3202 745 3267 P.
776 3202 812 3266 Χ
842 3205 891 3266 58.
921 3203 960 3267 Ν.
991 3203 1056 3266 VH
1081 3206 1131 3267 31.
1154 3203 1262 3268 Huius
1286 3210 1393 3270 tamen
1414 3205 1477 3270 loci
1500 3225 1537 3270 ea

414 3317 495 3380 ratio
518 3321 574 3398 ost,
597 3321 634 3380 ut
657 3316 715 3380 vix
739 3315 881 3379 dubitem
905 3316 1130 3400 corrigendum
1153 3335 1239 3381 esse:

603 3426 721 3510 ἑβδόμᾳ
742 3426 809 3490 σὺν
831 3427 895 3492 καὶ
919 3426 1031 3510 δεκατρι
1053 3433 1149 3510 γενεᾷ.

460 3635 499 3701 V.
524 3637 575 3701 25.
599 3633 840 3717 apravdrrav
862 3656 919 3720 pro
942 3634 1129 3717 anamarteton
1153 3641 1279 3722 requiro
1304 3659 1380 3704 cum
1399 3639 1537 3724 Nubere,
1584 3669 1586 3675 ⁴

418 3751 474 3833 qui
498 3750 574 3814 dicit
596 3769 630 3814 se
653 3770 690 3814 ea
712 3750 751 3813 de
773 3769 808 3814 re
830 3751 994 3814 monuisse
1017 3750 1133 3815 Mnem.
1158 3750 1227 3814 XX
1247 3753 1297 3834 70,
1319 3753 1536 3836 autignerans

419 3869 474 3927 aut
496 3863 613 3927 oblitus
637 3883 689 3927 me
711 3862 812 3926 multo
836 3867 908 3927 ante
931 3864 1038 3947 ipsum
1060 3883 1129 3927 eam
1152 3866 1369 3946 quaestionem
1389 3865 1536 3930 funditus

418 3981 569 4040 tractasse
602 3977 638 4038 in
672 3975 1002 4040 animadversionibus
1036 3976 1077 4040 ad
1109 3974 1288 4041 Lucianum
1322 3976 1439 4042 Mnem.
1473 3977 1538 4042 VII

420 4087 469 4171 (N.
493 4088 534 4170 S.)
558 4109 585 4151 a.
612 4088 673 4151 187
679 4089 698 4151 9
721 4109 791 4172 pag.
815 4088 888 4152 366.
978 4168 981 4172 ¹

465 4272 504 4336 V.
529 4275 579 4337 29.
990 4271 1095 4353 Φιλίαν
1108 4272 1147 4336 ·δ’
1171 4271 1260 4336 irrisa

607 4381 726 4465 ἄρχετο,
750 4380 848 4458 ξείνοις
871 4381 893 4448 οἳ
913 4382 941 4447 τ’
970 4383 1147 4449 ἐλθόντεσσιν
1169 4384 1316 4466 εὐεργέται

608 4495 686 4560 δεῖτ’
709 4495 1005 4574 ἐπαγγέλλοντι
1028 4499 1184 4577 πρῶτον.
