3626 5598
967 685 1023 751 50·

421 869 525 949 ματέρ’
551 909 591 918 -
615 870 709 948 γέλως
734 909 775 917 -
799 864 869 951 ὦρσε
891 869 989 953 χάριν,
1015 873 1129 936 statuit
1147 869 1251 950 ματέρ’
1272 872 1461 937 loconestro
1474 891 1543 937 esse

422 982 573 1064 dativum,
595 983 669 1048 licet
688 983 878 1048 Homericae
901 984 1048 1048 licentiae
1066 986 1130 1047 iota
1150 984 1250 1048 dativi
1262 984 1400 1048 elidendi
1411 985 1538 1049 nullum

421 1099 524 1160 exstet
557 1096 642 1179 apud
675 1095 852 1160 Pindarum
885 1098 1066 1180 vestigium,
1097 1103 1128 1161 et
1157 1098 1309 1180 rescripto
1342 1095 1435 1176 ματρί
1461 1097 1540 1160 nihil

419 1207 582 1272 lucremur
602 1215 727 1292 praeter
749 1209 1040 1274 artificiosissimam
1058 1214 1213 1295 etparum
1225 1209 1407 1276 credibilem
1419 1209 1541 1274 lociin·

420 1323 683 1406 terpretetionem.
693 1321 741 1387 De
749 1321 888 1406 Mergeri
899 1323 1111 1407 explicatione
1119 1325 1198 1406 (pag.
1209 1324 1283 1399 335)
1294 1323 1540 1406 silerepraestat.

463 1543 502 1608 V.
528 1546 577 1609 34.

508 1656 521 1720 ά
545 1657 571 1722 δ’
594 1656 723 1738 ἐφράσθη
746 1656 915 1722 ιισντένενσὲν
937 1657 1017 1722 τεά
1038 1658 1154 1741 (Peleo)
1179 1656 1328 1738 ὀρσινεφὴς
1352 1653 1385 1730 ἐξ
1403 1657 1516 1737 ωἰρανσῦ

509 1770 580 1843 Ζεὺς
604 1770 757 1836 άάανάτων
780 1771 932 1850 βασιλεύς,
957 1769 1008 1839 ὥτ’
1032 1772 1061 1834 ἐν
1082 1769 1172 1851 τάχει

508 1888 627 1946 τσντιάν
649 1883 887 1964 χρυσαλακάτων
909 1883 975 1948 τινά
997 1883 1148 1964 Νηρεΐδων
1170 1879 1332 1964 πράξειν
1354 1881 1471 1948 άιισιτιν.

464 1995 566 2060 Schol.
595 1995 745 2060 ἐπένευσεν
775 1996 928 2077 αὐτῷκαὶ
951 1995 1100 2076 παρέσχεν
1125 1994 1180 2063 ὅτε
1202 1995 1312 2073 λαβεῖν
1335 2001 1464 2073 γυναῖκα
1487 1994 1540 2067 τὴν

419 2106 514 2173 Θέτιν.
543 2109 694 2174 Potuitne
717 2110 876 2175 Pindarus
900 2111 991 2175 aliter
1016 2109 1153 2175 scribere
1177 2129 1275 2194 quam
1298 2107 1509 2189 τράσσεινῗ

463 2343 502 2407 V.
535 2346 585 2408 54.
616 2344 705 2408 Licet
734 2344 841 2428 Bergk
870 2346 905 2408 in
935 2345 982 2409 ed.
1003 2345 1052 2408 IV
1076 2346 1263 2409 sententiam
1287 2348 1443 2424 retractet,
1466 2362 1540 2407 vere

419 2463 525 2520 tamen
549 2458 582 2519 in
606 2457 652 2521 ed.
677 2456 727 2520 ΙΠ
749 2457 934 2526 observasse
957 2457 1085 2522 videtur
1104 2457 1312 2521 Scholiastam
1331 2458 1539 2539 interpretan-

419 2574 483 2633 tem
503 2567 653 2648 Φαιδρά
668 2568 708 2632 τά
719 2566 789 2642 atala
801 2572 857 2632 τῶν
869 2567 1004 2649 ςεφάνων
1017 2590 1082 2633 non
1093 2569 1209 2653 legisse
1221 2570 1308 2652 quod
1319 2569 1392 2632 libri
1404 2567 1537 2632 habent:

551 2680 654 2745 άνάέων
677 2704 701 2744 τ
713 2704 726 2745 o
737 2705 746 2744 ι
758 2680 778 2746 ά
790 2705 804 2744 ε
815 2704 829 2743 ν
842 2706 861 2744 τ
872 2705 892 2744 α
915 2681 1010 2762 <eipso
1034 2681 1251 2760 ςεΦανάματα.

463 2793 572 2857 Minus
596 2813 664 2858 eam
687 2796 978 2878 interpretationem
1001 2795 1106 2876 mirer,
1129 2795 1157 2857 si
1175 2794 1322 2858 habuerit
1340 2799 1412 2858 aute
1427 2794 1536 2858 oculos

419 2905 680 2983 αὶρλάεντα.
718 2907 762 2971 cf.
791 2907 826 2971 P.
857 2907 891 2970 Π
922 2909 972 2971 10.
1002 2908 1051 2971 IV
1082 2910 1155 2971 231.
1190 2908 1232 2972 Ut
1261 2911 1348 2972 enim
1378 2910 1539 2992 poeticum

419 3015 514 3096 αἴγλα
534 3039 590 3103 per
611 3018 691 3100 Φάσι
713 3022 971 3104 interpretentur,
996 3022 1042 3084 sic
1061 3018 1194 3096 αἱνλάεις
1215 3038 1272 3103 per
1290 3018 1415 3100 φαιδρός
1433 3041 1538 3104 gram·

419 3134 551 3197 maticos
573 3134 758 3217 explicasse,
781 3153 846 3198 non
870 3133 1027 3217 estquod
1051 3135 1212 3199 miremur.
1238 3133 1385 3199 Ceterum
1397 3132 1537 3198 τοιάεντα

420 3245 546 3310 defendi
567 3251 679 3329 potest.

462 3467 552 3533 Nem.
575 3467 624 3530 VI
647 3468 675 3530 6.
706 3464 787 3543 μετά
809 3464 981 3538 νύκτας.
1005 3466 1150 3530 Pessime
1174 3466 1305 3551 Mezgar
1330 3467 1438 3548 „nach
1459 3467 1540 3532 Ver·
1607 3509 1609 3512 -

418 3581 498 3646 lluss
521 3565 576 3646 der
598 3580 731 3645 Nacht”.
755 3578 943 3663 Oppositum
967 3578 1133 3658 ἐφαμερίαν
1161 3580 1274 3644 docere
1297 3599 1371 3644 eum
1393 3586 1539 3664 potuerat

418 3693 499 3771 μετὰ
528 3692 638 3765 νύκτας
660 3712 730 3757 esse
762 3698 926 3770 noctu,
950 3698 987 3757 ut
1010 3691 1073 3768 μεθ’
1100 3690 1211 3770 ἡμέραν
1236 3692 1451 3757 interdiu
1477 3695 1539 3776 sig-

417 3807 526 3872 nificat
545 3808 630 3891 apud
649 3825 768 3870 omnes.
780 3804 854 3868 Non
866 3810 973 3869 tamen
986 3804 1121 3868 diffiteor
1134 3824 1184 3869 me
1200 3805 1296 3868 malle
1308 3805 1389 3880 μετὰ
1409 3803 1537 3868 νύκτα.

418 3919 480 3984 Sed
502 3919 540 3984 cf.
564 3919 599 3983 P.
622 3919 671 3983 IV
695 3919 768 3981 256.

461 4141 501 4206 V.
525 4143 553 4204 9.
885 4137 1054 4220 άρσάραισιν,
1077 4137 1137 4204 αἵτ’
1160 4138 1361 4217 άμειβάμεναι

552 4251 625 4318 τόκα
643 4251 698 4330 μὲν
717 4246 754 4315 ὦν
772 4251 835 4329 βίον
854 4250 988 4332 ἀνδράσιν
1007 4253 1165 4325 ἐπηετανὸν
1186 4254 1202 4317 ε’
1212 4277 1231 4316 ιι
1250 4275 1275 4315 τ
1286 4277 1300 4316 ε
1311 4252 1329 4316 δ
1341 4253 1353 4318 l
1361 4277 1410 4316 ων
1427 4251 1538 4326 ἔδοσαν,

551 4363 625 4429 τάκα
648 4364 674 4428 δ’
699 4357 766 4427 αὖτ’
788 4362 1170 4442 άνατανσάμεναι
1193 4363 1291 4437 σάὲννς
1314 4362 1464 4446 ἔμαρψαν.

419 4478 586 4542 Manifesto
610 4479 814 4560 depravatum
838 4481 887 4540 est
909 4478 1047 4541 otiosum
1070 4476 1103 4538 ἐκ
1122 4474 1233 4540 πεδίων.
1255 4477 1338 4540 Pin
1351 4479 1380 4541 d.
1402 4479 1442 4542 27
1461 4479 1540 4542 fluc-
