3626 5598
961 711 1001 771 56

462 894 501 958 V.
525 896 576 957 44.
599 895 632 958 έιι
655 892 746 957 πόνων
769 891 800 958 δέ
825 889 848 956 οἳ
871 892 923 956 σὺν
948 889 1060 956 νεότατι
1080 890 1219 970 γένωνται
1242 890 1294 955 οθν
1317 913 1350 954 τε
1370 891 1437 974 θιίιρι

605 1004 711 1071 τελέθει
735 1006 804 1086 πρὸς
826 1011 920 1086 γῆρας
943 1005 1011 1069 αἶθον
1034 1005 1055 1068 οἱ
1067 1004 1185 1086 μέρα.

462 1119 588 1204 Optime
610 1121 656 1183 sic
680 1119 830 1183 scribitur
854 1125 886 1183 et
907 1121 1084 1184 rectissime
1102 1125 1195 1183 vetus
1216 1119 1384 1184 scholiasta
1397 1124 1534 1184 enarrat:

416 1232 433 1305 θ
456 1232 524 1295 αἰών
551 1233 610 1298 ε’ςιν
633 1233 734 1304 αὐτοῖς
759 1230 854 1312 ἡμέρα
877 1230 943 1295 niori
965 1235 1015 1295 τοῦ
1039 1229 1143 1310 ἥμερος
1165 1229 1217 1294 καὶ
1243 1236 1333 1312 πρᾷος
1356 1233 1414 1298 ἕςιν
1437 1233 1539 1304 αὐτοῖς

414 1344 428 1407 θ
452 1343 515 1422 βίος
538 1344 606 1424 πρὸς
629 1350 732 1424 γῆρας,
757 1343 828 1408 ὅταν
851 1339 917 1407 ὦσιν
935 1345 964 1408 έν
984 1345 1093 1417 νεότητι
1113 1342 1308 1416 πεπονηκότες
1329 1343 1453 1417 δικαίως,
1468 1365 1539 1410 sen·

415 1460 507 1539 tiene,
531 1459 651 1542 opinor,
674 1479 769 1541 quam
791 1465 862 1541 apte
881 1458 914 1520 τὸ
933 1454 1030 1537 ι’θγριον
1050 1461 1106 1519 τῶν
1118 1456 1377 1536 προπεπονημένων
1389 1458 1418 1520 έν
1430 1457 1539 1530 νεθτντι

416 1577 594 1656 opponatur
625 1572 665 1650 τῷ
700 1569 796 1650 ἡμέρῳ
825 1574 876 1634 τοῦ
910 1569 1011 1650 γήρως.
1047 1570 1153 1634 Nabar
1183 1571 1243 1634 hoc
1276 1573 1371 1636 nimis
1403 1572 1540 1635 tenuiter

398 1685 536 1752 ¹scilicet
558 1685 679 1748 dictum
703 1704 773 1748 esse
796 1685 967 1766 contendit,
994 1690 1030 1748 ut
1048 1703 1193 1768 promere
1211 1686 1312 1768 possit
1324 1686 1539 1748 coniecturam

416 1795 576 1877 θρέμα,
612 1798 742 1862 lento
775 1798 940 1881 gradu,
975 1798 1061 1881 quod
1096 1818 1193 1881 quam
1228 1803 1312 1862 reete
1347 1803 1435 1862 coeat
1465 1818 1538 1861 cum

415 1910 512 1974 verbo
535 1908 642 1972 τελέθει
670 1908 731 1993 (z
746 1910 798 1982 ἕςι,
822 1909 976 1996 γίγνεται)
998 1913 1066 1994 ipse
1088 1910 1211 1991 viderit,
1231 1916 1266 1974 ut
1286 1912 1428 1974 omittam
1441 1909 1539 1989 οὶρέραα

416 2043 481 2086 non
513 2041 582 2086 esse
609 2023 802 2086 vocabulum
826 2023 1040 2087 Pindaricum.
1065 2022 1143 2086 Αἱων
1166 2023 1311 2087 feminini
1333 2025 1459 2108 generis
1482 2029 1538 2105 est,
1583 2009 1585 2012 ⁵

418 2141 455 2200 ut
477 2134 512 2197 P.
537 2134 585 2197 IV
611 2135 674 2198 186
696 2135 727 2198 V
752 2136 771 2198 6
796 2156 841 2220 sq.
866 2141 897 2200 et
919 2137 1006 2200 haud
1027 2138 1073 2200 ite
1094 2156 1165 2200 raro
1188 2136 1274 2219 apud
1297 2143 1415 2222 poetas.

462 2357 502 2420 V.
528 2359 580 2420 47.
604 2356 698 2428 κῦδος·
722 2356 799 2442 (ὥς)
825 2358 876 2420 οὐκ
900 2355 942 2424 ἔςι
965 2356 1059 2437 πόρσω
1083 2358 1183 2422 θνατὸν
1206 2355 1248 2420 έτι
1271 2359 1394 2428 οκοπιοῖς
1417 2356 1516 2430 ἄλλας

1217 2468 1406 2556 [ἐφάψασθαι
1430 2470 1537 2534 ποδοῖν.

463 2581 593 2645 Pindari
624 2601 718 2645 usum
749 2587 894 2665 spectans
917 2583 1055 2645 muttum
1080 2582 1200 2663 dubito,
1223 2602 1303 2645 num
1326 2587 1410 2646 recte
1432 2581 1540 2666 Bergk

418 2695 537 2758 inserta
563 2694 677 2758 vocula
699 2695 736 2765 ὡς
762 2695 939 2776 asyndeton
963 2694 1198 2758 oblitteraverit.
1222 2694 1323 2758 Multo
1347 2697 1465 2759 rectius
1487 2713 1540 2758 me

416 2807 522 2870 iudice
544 2806 796 2871 Rauohenstein:

606 2917 735 3000 <θθνδρ’
748 2921 788 2995 >
811 2920 861 2983 οθιι
884 2920 927 2986 έςι
950 2918 1042 2999 πόρσω
1067 2920 1166 2984 θνατὸν
1189 2920 1249 2983 κτέ.

462 3034 634 3118 Nusquam
676 3035 761 3098 enim
797 3033 956 3097 Pindarus
990 3034 1143 3117 singmari
1178 3053 1312 3098 numero
1347 3034 1537 3098 vocabulum

421 3146 521 3217 θνατός
546 3147 745 3210 substantive
767 3147 944 3230 usurpavit,
967 3146 1023 3210 sed
1046 3146 1168 3229 ubique
1191 3146 1311 3210 addidit
1333 3145 1430 3225 drap.

462 3370 553 3434 Nem.
577 3369 611 3432 X
635 3370 654 3432 9
677 3366 784 3445 μόντιν
808 3367 975 3441 orantem,
999 3367 1135 3445 πολέμοιο
1159 3367 1302 3450 νέφος.

464 3484 574 3568 Ipsum
606 3483 724 3547 bellum
760 3484 877 3565 optime
902 3484 947 3545 sic
970 3488 1146 3565 vocaretur,
1170 3489 1206 3547 ut
1227 3489 1275 3548 est
1297 3483 1321 3546 I.
1344 3483 1392 3546 VI
1416 3485 1457 3546 27
1480 3481 1540 3556 θςις

418 3598 447 3660 ἕν
482 3594 581 3682 ταθτορ
608 3593 775 3676 νεφέλα
805 3591 950 3673 χθλαζαν
974 3590 1102 3671 αἵματος
1126 3595 1178 3675 πρὸ
1202 3595 1296 3675 Φίλας
1318 3594 1435 3675 πατρας
1457 3596 1539 3673 οόμθ-

419 3732 510 3781 νεται,
538 3716 569 3773 et
599 3709 711 3772 caedes
734 3707 772 3770 N.
795 3705 847 3769 IX
871 3709 913 3770 38
937 3712 1072 3771 vocatur
1094 3705 1182 3786 φόνον
1206 3707 1326 3787 νεφέλα.
1351 3709 1413 3773 Sed
1435 3709 1541 3774 fortis-

417 3825 535 3887 simum
572 3823 683 3884 ducem
719 3820 951 3903 Amphiaraum
986 3822 1030 3884 ita
1064 3821 1127 3884 dici
1160 3822 1302 3905 potuisse
1332 3822 1419 3885 haud
1449 3822 1540 3887 facile

417 3937 552 4000 credam.
576 3933 682 4016 Bergk
705 3933 840 3996 coniecit
864 3930 996 4011 Φθος,
1022 3933 1137 3998 melius
1161 3953 1236 3998 sane
1257 3954 1353 4016 quam
1374 3933 1540 3999 Rauohen-

337 4114 340 4120 ,
417 4052 499 4114 stein
531 4046 671 4126 γέρας.
707 4045 828 4111 Notum
852 4046 1160 4130 ostapudLatinos
1184 4047 1303 4112 belli
1338 4048 1540 4112 fulmina

417 4161 537 4224 dictum
572 4160 610 4223 de
645 4157 855 4241 Scipionibus,
889 4159 929 4221 ad
956 4160 1050 4224 cuius
1074 4160 1245 4224 locutionis
1267 4161 1451 4245 exemplum
1473 4181 1539 4225 non

418 4272 555 4336 absurde
582 4272 720 4334 conicias
743 4268 880 4346 πολέμοιο
903 4269 1048 4344 σέλας.
1073 4273 1125 4335 Ad
1149 4293 1245 4336 usum
1269 4273 1367 4337 huius
1392 4273 1539 4338 vocabuli

418 4405 475 4470 pro
505 4382 623 4463 crispari
656 4383 693 4446 cf.
717 4382 811 4446 Hom.
835 4391 861 4445 Θ
886 4384 935 4447 76.
960 4384 1054 4469 Soph.
1078 4383 1114 4448 O.
1140 4384 1171 4448 O.
1198 4387 1247 4449 95.
1270 4386 1387 4451 Herod.
1411 4386 1462 4449 ΙΠ
1487 4390 1538 4450 28.

421 4498 460 4562 In
482 4512 517 4561 re
539 4503 645 4560 temen
668 4497 786 4559 incerta
810 4496 890 4558 nihil
914 4497 1046 4560 affirmo.
