3626 5598
932 711 952 772 8

383 896 490 975 optare
520 892 682 975 possimus
710 893 794 956 inter
824 891 980 956 Infinitivi
1010 894 1248 959 terminationes
1277 901 1334 958 EN
1366 899 1500 968 otE1N‚

383 1023 520 1088 quarum
551 1011 688 1088 utraque
711 1009 804 1088 poeta
827 1025 906 1069 usus
929 1011 986 1088 est,
1009 1006 1097 1070 velut
1119 1009 1154 1070 in
1176 1009 1247 1090 ipso¹
1270 1027 1365 1091 quem
1389 1013 1502 1072 monta

383 1137 456 1181 mus
479 1117 548 1180 looo
571 1123 752 1202 praeoptem
774 1118 908 1182 formam
931 1116 1046 1200 γαρύειν
1064 1125 1193 1203 propter
1212 1141 1258 1184 vs.
1279 1122 1500 1186 antithetioum

384 1229 434 1291 14.
458 1228 567 1312 Ipsius
593 1236 704 1313 poetae
727 1229 903 1294 litteratura
926 1237 1089 1294 PAPTEN
1112 1231 1308 1316 significabat
1332 1236 1501 1298 utrumvis.

427 1340 489 1405 Sed
520 1345 593 1407 utut
624 1343 663 1407 do
692 1343 753 1406 hao
776 1343 1005 1427 observatione,
1029 1365 1126 1427 quom
1151 1365 1265 1429 urgere
1287 1347 1396 1429 nolim,
1418 1347 1502 1410 iudi·
1613 1347 1615 1353 ’

382 1455 515 1537 cabitur,
549 1455 660 1520 saltem
695 1475 760 1519 non
791 1475 861 1520 eam
891 1458 986 1523 habet
1015 1459 1081 1521 vim
1104 1463 1141 1522 ut
1163 1459 1325 1524 mordiens
1347 1462 1502 1525 retineam

383 1568 548 1648 δωρήσεται,
584 1589 641 1654 pro
676 1590 740 1654 quo
775 1570 844 1635 fieri
877 1577 981 1655 potest
1014 1578 1051 1636 ut
1083 1578 1168 1638 reete
1197 1573 1305 1638 Nabar
1333 1575 1503 1640 oonieoerit

383 1682 530 1764 δωμήσατο
554 1684 589 1748 Ο.
612 1685 678 1748 VII
702 1687 731 1749 3.

428 1905 466 1967 V.
492 1906 541 1969 50.
587 1903 764 1985 τραπέζαισί
787 1906 815 1968 τ’
839 1903 926 1986 άμφδ
951 1904 1122 1969 δεύτατα
1144 1910 1228 1986 κρεῶν

595 2017 674 2081 σέθεν
696 2016 868 2082 διεδάσαντο
890 2015 943 2081 καὶ
967 2016 1075 2098 Φάναν.

383 2157 465 2224 Dett.
496 2158 569 2221 libri
601 2154 665 2220 δεά
674 2179 794 2233 ματα.
820 2155 864 2220 Ol.
886 2129 1049 2237 Hesychio
1073 2178 1096 2222 s.
1120 2178 1149 2220 v.
1174 2155 1374 2235 δάσματα·
1397 2155 1501 2236 διαμε-

382 2271 524 2352 ρίσματα,
562 2272 697 2335 conieci:
735 2269 927 2347 δάσματα
960 2273 1043 2350 κρεῶν
1077 2269 1247 2335 διεδάσαντο
1279 2273 1503 2357 periphrastioo

384 2386 504 2448 dietum
533 2403 590 2468 pro
613 2382 682 2461 κρέα
705 2381 875 2447 διεδάσαντο
897 2383 1062 2446 Pindar.
1085 2386 1114 2446 4.
1133 2383 1258 2448 Ibidem
1280 2406 1310 2447 v.
1334 2387 1374 2448 58
1399 2388 1502 2470 suspi-

383 2498 493 2562 cabar:
526 2498 575 2560 τὸν
605 2495 661 2560 αἰεὶ
687 2499 819 2575 μενοινῶν
843 2495 1027 2577 κεφαλάν
1051 2500 1117 2580 (pro
1140 2499 1300 2582 κεφαλαῖς)
1326 2497 1433 2575 βαλεῖν
1455 2500 1502 2562 εὑ-

383 2609 528 2689 Φροσάνας
562 2591 675 2672 άλάται
710 2616 741 2673 et
775 2609 1016 2674 dubitabundus
1046 2609 1080 2675 f'
1111 2608 1172 2673 ὀΐων
1201 2630 1258 2694 pro
1287 2614 1429 2687 μενοινῶν.
1453 2610 1502 2676 De

345 2759 348 2764 ·
384 2726 544 2810 digamma
572 2725 656 2808 apud
680 2725 854 2788 Pindarum
880 2727 930 2808 egi
952 2746 981 2808 p.
1007 2726 1025 2786 5
1050 2729 1080 2788 et
1103 2725 1142 2790 de
1165 2728 1369 2809 sequentium
1390 2726 1501 2790 verbo·

383 2858 455 2902 rum
480 2839 738 2921 interpretatione
762 2857 791 2921 p.
815 2837 892 2920 dsq.
917 2836 1111 2902 Scholiastae
1131 2838 1170 2901 ad
1187 2858 1217 2900 v.
1239 2839 1278 2900 71
1299 2830 1414 2902 άθλον
1431 2839 1501 2903 rod-

383 2950 449 3014 didi
466 2970 523 3033 pro
545 2942 643 3020 άάλος.

431 3171 466 3234 V.
492 3173 563 3234 115.
588 3170 629 3245 εἴη
654 3171 687 3235 σε’
709 3196 743 3235 τε
765 3178 902 3236 τοῦτον
923 3172 997 3250 ὑψοῦ
1020 3169 1121 3252 χρόνον
1144 3177 1247 3235 τατεῑν

592 3284 646 3362 ε’μέ
670 3309 702 3348 τε
724 3283 850 3349 τοσσάδε
871 3284 1032 3365 νικαφόροις

593 3396 705 3474 ὃμιλεῖν
732 3395 898 3478 πρόφαντον
921 3397 1012 3480 σοφίᾳ
1035 3398 1099 3461 καθ’
1124 3393 1280 3469 Ἕλλανας
1293 3395 1377 3461 ἐόντα
1390 3402 1499 3480 παντᾷ.

384 3535 485 3600 Schol.
510 3540 609 3599 τοῦτον
633 3534 661 3598 ὃν
684 3533 781 3614 ζῶμεν
804 3532 912 3614 χρόνον.
936 3534 1009 3598 Non
1027 3535 1197 3616 haererem,
1217 3537 1244 3598 si
1260 3537 1296 3598 in
1307 3537 1502 3622 praegressis

384 3656 439 3713 aut
463 3649 671 3732 sequentibus
694 3654 906 3733 opponeretur
928 3649 994 3711 vita
1017 3648 1102 3732 apud
1124 3648 1251 3712 inferos.
1274 3647 1370 3713 Nune
1394 3648 1432 3712 de
1455 3666 1501 3728 eo,

384 3763 441 3845 qui
463 3762 632 3844 hueusque
654 3760 728 3838 ὑψοῦ
752 3759 908 3834 ἕτάτιρσεν,
933 3761 1138 3845 expectabam
1162 3763 1286 3844 potius:

593 3908 635 3984 ria
659 3909 692 3973 σε’
714 3933 748 3973 τε
770 3910 908 3974 λοιπὸν
932 3909 1007 3987 ὑψοῦ
1031 3907 1131 3988 χρόνον
1153 3915 1260 3973 πατεῖν
1283 3908 1343 3972 κτὲ.

428 4051 472 4115 cf.
504 4052 544 4114 97
559 4072 626 4134 sqq.
658 4050 697 4113 In
722 4051 869 4132 sequenti
891 4070 936 4113 vs.
961 4047 1087 4112 τοσσάδε
1110 4069 1174 4113 non
1196 4053 1301 4132 potest
1324 4047 1501 4132 significare

383 4163 498 4228 τοσόνδε
521 4163 631 4243 χρόνον,
657 4170 693 4227 ut
714 4166 820 4227 visum
845 4170 893 4227 est
915 4162 1073 4244 Dissenio,
1096 4164 1151 4227 sed
1174 4161 1286 4246 procui
1308 4162 1502 4226 dubioreote

382 4281 447 4342 iam
481 4278 610 4342 Boeokh
641 4279 867 4362 interpretatus
898 4283 945 4340 est
974 4275 1055 4339 κατά
1085 4274 1208 4348 τοσόνδε,
1232 4276 1340 4339 hand
1364 4277 1501 4339 minus

384 4411 503 4476 quam
536 4397 577 4454 tn
611 4363 696 4454 aito
726 4390 936 4454 incedens.
963 4427 1004 4435 -
1028 4388 1076 4453 De
1099 4390 1255 4473 positione
1278 4388 1363 4470 apud
1384 4386 1501 4450 Pinda-

329 4541 332 4548 ·
383 4525 456 4568 rum
493 4511 523 4568 et
545 4505 705 4567 vocalium
731 4503 931 4586 quarundam
956 4504 1132 4586 quantitate
1155 4504 1205 4586 egi
1229 4501 1395 4565 Pindar.
1422 4499 1500 4584 7sq.
