3626 5598
816 671 857 734 41

286 861 426 923 mentsm
459 875 552 920 suam
587 854 782 938 significasse
813 855 980 920 scribendo
1011 850 1165 932 οὶποτρόπῳ
1195 849 1330 931 πότμῳ
1352 849 1403 914 vel

285 967 398 1051 τόκῳ,
434 968 550 1032 Pind.
585 968 626 1030 21
640 987 688 1051 sq.
720 965 885 1051 Quidquid
914 972 971 1049 est,
993 967 1060 1030 falli
1090 965 1217 1030 videtur
1238 964 1345 1048 Bergk
1368 965 1404 1028 in

285 1083 333 1148 ed.
356 1081 432 1146 IV¹³
451 1081 628 1146 Pindarum
650 1085 768 1164 putans
787 1081 834 1146 sic
853 1082 1018 1164 scripsisse
1029 1099 1086 1163 pro
1098 1077 1206 1160 ρνόμῳ
1217 1076 1276 1140 ἄπο
1288 1075 1404 1156 τρόπον.

286 1193 370 1258 Olim
393 1193 441 1257 ad
463 1193 742 1277 Theognidem
764 1213 794 1277 p.
820 1193 871 1275 76,
894 1193 931 1256 ct
953 1191 990 1257 P.
1013 1189 1048 1255 X
1070 1193 1113 1255 20
1137 1188 1182 1267 si
1199 1189 1352 1270 Φόονεραῖτ
1372 1189 1405 1252 ἐκ

285 1306 352 1370 όεῦν
375 1303 666 1385 μετατροπίαις
684 1302 875 1385 ἐπικύρσαιεν,
888 1303 1090 1390 periclitabar
1101 1304 1316 1368 coniecturam
1327 1301 1405 1368 Pius

285 1418 398 1484 darum
429 1419 594 1501 scripsisse
622 1416 858 1499 μετατρόπῳ
880 1420 949 1484 sive
971 1413 1200 1497 πεδατρόπῳ
1223 1414 1340 1498 γνώμα.
1364 1414 1405 1480 In

284 1551 349 1596 uno
373 1531 482 1596 codice
502 1535 551 1596 est
573 1527 759 1622 παρατρόπῳ.
784 1529 847 1596 Sed
869 1533 971 1596 maior
992 1536 1041 1598 est
1062 1529 1232 1594 difficultas
1251 1527 1405 1610 ἰιιμνόμῳ

284 1646 360 1726 (non
384 1643 490 1708 addito
513 1642 586 1724 όεοῦ)
610 1663 709 1728 quam
731 1644 766 1706 in
787 1642 952 1723 ἀποτρόπῳ.

328 1885 422 1968 Pyth.
446 1885 498 1951 IX
523 1885 552 1952 5.
573 1884 919 1968 οόνεμοσφαροόρων
942 1886 976 1950 ἐκ
1000 1885 1112 1950 Παλίου
1134 1885 1258 1950 κόλπων.

328 1993 582 2085 Interpretantur
602 2003 728 2066 vento
751 1999 1058 2085 strepentibus,
1082 1999 1146 2082 sed,
1169 2001 1197 2064 si
1216 2001 1261 2064 ita
1280 2001 1406 2085 scripsit

285 2117 387 2197 poeta,
420 2112 529 2176 nescio
563 2131 605 2175 an
639 2112 829 2177 vertendum
863 2113 905 2178 sit
936 2117 1062 2177 vento
1097 2113 1303 2196 turgidis,
1336 2113 1404 2178 ie.

286 2224 399 2308 plenis,
433 2225 634 2288 ventosis.
668 2222 792 2308 Nempe
825 2225 871 2288 sic
901 2225 981 2288 mihi
1009 2225 1196 2309 persuadeo,
1218 2225 1310 2288 initio
1340 2225 1405 2289 duo

285 2336 385 2401 fuisse
418 2335 516 2401 verba
548 2338 677 2421 penitus
712 2336 846 2420 diversa,
875 2337 931 2402 sed
962 2336 1001 2401 ob
1025 2337 1266 2402 similitudinem
1291 2337 1406 2403 deinde

286 2447 427 2530 confusa,
451 2453 629 2527 comparsit,
662 2453 852 2532 strepere
881 2454 913 2514 ct
936 2451 1111 2529 οφαραρεῖν,
1135 2454 1307 2533 cognatum
1329 2467 1405 2514 eum

284 2561 432 2640 οπαργῦν,
455 2565 634 2644 turgere.
653 2560 722 2626 Iam
742 2562 817 2625 olim
837 2563 871 2625 in
892 2560 1248 2638 Quaestiunculis
1268 2562 1404 2646 epicis

284 2677 323 2737 et
345 2673 554 2758 elegiacis
576 2675 688 2738 monui
711 2671 769 2738 Od.
792 2672 844 2738 IX
867 2675 931 2738 398

707 2825 990 2904 σφαραγεῦντο
1013 2820 1045 2886 δέ
1067 2821 1092 2886 οἱ
1113 2819 1181 2903 πυρὶ
1202 2820 1277 2904 tzar

574 2935 732 3014 ὀφθαλμοῦ

288 3085 402 3148 vitiose
434 3084 556 3149 dictum
589 3085 691 3149 videri
721 3103 778 3169 pro
808 3085 1090 3165 σμαραρεῦντο
1113 3085 1162 3168 (ci
1185 3095 1208 3148 Β
1232 3085 1305 3150 210.
1331 3084 1405 3150 463.

289 3205 314 3260 Φ
340 3197 428 3280 190),
451 3216 525 3261 oum
548 3202 633 3262 recte
654 3196 779 3280 legatur
802 3193 859 3260 Od.
883 3217 893 3258 ι
916 3197 982 3261 439
998 3216 1062 3280 sq.:

576 3343 690 3426 όνὶλειαι
708 3343 734 3407 δ’
757 3341 906 3420 ἐμέμνκιν
926 3344 1105 3421 ἀνήμελκτοι
1127 3342 1191 3425 περὶ
1214 3343 1330 3418 σηκούς·

576 3454 685 3520 οῦόατα
706 3453 765 3535 γὰρ
788 3460 1079 3536 σφαραγεῦντο.

332 3604 426 3682 Quod
447 3605 617 3671 discrimen
640 3607 668 3670 si
691 3609 775 3670 recte
799 3607 904 3689 statui,
927 3605 1062 3671 dubium
1085 3626 1152 3671 non
1170 3612 1219 3673 est
1239 3609 1320 3691 quin
1330 3607 1407 3672 Pin·

289 3719 364 3783 daro
387 3718 427 3783 N.
449 3719 515 3782 VH
538 3721 582 3782 24

577 3867 660 3941 τὲιιες
682 3869 792 3934 Αἰακόν
815 3861 1042 3950 capadociam
1064 3867 1163 3949 πατρό.

290 4002 381 4067 reddi
403 4009 557 4087 oporteat:
581 3987 814 4085 βαρνσΜαροόμῳ
837 4004 934 4085 πατρό,

336 4120 368 4179 ct
388 4115 473 4180 idem
496 4118 612 4180 vitium
633 4118 820 4201 imposuerit
841 4116 1009 4181 Eustathio
1032 4137 1078 4201 pr.
1092 4117 1132 4180 16
1145 4117 1228 4181 etad
1240 4115 1298 4182 Od.
1312 4118 1407 4200 1636,

292 4229 313 4290 8
345 4233 456 4311 poetae
489 4233 598 4292 nostro
629 4228 782 4293 tribuenti
815 4229 902 4292 Iovis
936 4227 1097 4312 epitheton
1126 4226 1320 4309 όρισφόραγοο
1349 4249 1406 4315 pro

290 4336 493 4419 ἕριομοόραρορ.
516 4339 589 4430 Vid.
612 4339 724 4424 fragm.
747 4342 798 4404 14.
824 4341 874 4404 15.
894 4340 1011 4405 Nostro
1034 4360 1165 4426 quoque
1184 4341 1254 4406 loco
1265 4341 1406 4427 praefero

290 4449 557 4533 ἀνεμοσμαροόγιον.
