3626 5598
857 703 874 764 7

304 885 401 966 iubet,
436 886 522 969 quod
553 905 618 949 non
648 886 732 949 cadit
762 887 796 948 in
827 885 933 950 locum
956 886 1174 966 Pindaricum,
1199 886 1254 950 ubi
1277 886 1316 949 ab
1336 887 1427 949 initio

304 998 345 1061 ad
375 997 472 1063 finem
503 1017 537 1062 se
569 999 675 1081 ipsum
706 1017 779 1062 curn
803 999 928 1062 civibus
952 1001 1020 1063 suis
1044 1000 1188 1062 hortatur
1212 998 1370 1062 scribens:
1394 997 1427 1061 ἐκ

303 1108 445 1187 μεγάλων
481 1110 512 1174 δὲ
546 1109 667 1174 πενθέων
701 1109 833 1182 λυθέντες
867 1111 896 1197 θ]
927 1111 999 1188 μήτ’
1030 1112 1059 1174 ε’ν
1092 1110 1217 1192 σ’ρφωνθρι
1247 1109 1427 1187 πέσωμεν

304 1221 448 1302 ςεφάνων,
473 1222 552 1299 μήτε
573 1220 668 1286 κάδεσν
690 1221 895 1302 θεράπευε,
915 1222 1100 1300 παυσάμενον
1121 1223 1147 1287 δ’
1160 1223 1316 1303 άπρθκσων
1329 1228 1426 1287 κοινῶν

305 1335 334 1420 ll
356 1333 452 1412 γλυκύ
474 1358 502 1398 σν
525 1333 792 1412 δωμωσθμεθά
815 1334 867 1400 nal
892 1335 973 1413 μετά
996 1336 1087 1400 πόνον.
1112 1336 1152 1399 In
1176 1337 1235 1400 hoc
1257 1338 1328 1420 ipso
1351 1356 1426 1401 vero

304 1450 373 1513 loco
393 1449 489 1514 verba
511 1447 750 1525 πέσωμεν-
771 1446 961 1520 θεράπευε
987 1452 1115 1514 nonita
1138 1450 1208 1515 leve
1230 1449 1426 1514 habentmo·

306 1568 460 1644 mentum,
479 1581 542 1646 quo
555 1563 623 1626 loco
635 1567 745 1626 nostro
758 1568 906 1628 tueamur
917 1563 1074 1628 librorum
1090 1563 1256 1628 lectionem
1270 1560 1370 1626 σκθπεν
1384 1601 1426 1610 -

305 1672 481 1750 αὐδάσομεν.
514 1674 601 1738 Scire
635 1680 741 1738 autem
776 1675 939 1758 pervelim,
976 1675 1054 1758 qnid
1081 1675 1196 1740 habeat
1217 1674 1347 1738 absurdi
1372 1679 1428 1740 aut

306 1807 431 1852 sanae
454 1789 613 1851 rationi
636 1788 740 1867 (cuius
761 1807 811 1851 me
836 1807 966 1871 qnoque
988 1789 1171 1871 participem
1192 1807 1261 1852 esse
1279 1791 1423 1870 autumo)

305 1902 509 1981 contrarium,
532 1905 671 1964 statuere
694 1900 880 1984 Pindarum,
904 1903 960 1983 qui
983 1906 1030 1964 tot
1053 1900 1115 1964 alia
1138 1901 1177 1964 ab
1200 1900 1341 1965 Homero
1356 1922 1425 1965 mu·

304 2019 413 2078 tuatus
437 2015 487 2096 sit,
505 2014 561 2077 ubi
581 2019 718 2077 metrum
739 2014 895 2096 suaderet,
918 2014 1054 2078 subinde
1074 2019 1213 2078 veterem
1237 2014 1330 2079 illum
1350 2035 1425 2079 con·

303 2128 485 2190 iunctivum
509 2124 700 2190 adhibuisse.
724 2125 968 2208 Nonne'Solon‚
990 2133 1027 2190 nt
1049 2127 1109 2190 hoo
1132 2132 1212 2209 utar,
1236 2128 1368 2191 cecinit:

461 2271 589 2352 Ἴσμεν
612 2275 651 2346 εἰς
675 2281 851 2351 Συλωμῑνω,
875 2271 1082 2354 μωχνσθμενω
1106 2272 1169 2354 περὶ
1193 2274 1278 2348 νθσσυ

458 2387 587 2467 ἱμερτῆς,
611 2383 748 2464 χωλεπθν
772 2385 799 2448 π’
823 2380 930 2465 αἶσχος
953 2383 1157 2462 άπωσάμενσνῗ

349 2526 455 2588 Amici
477 2527 576 2609 igitur
594 2526 820 2607 coniecturam,
843 2526 991 2608 quamvis
1013 2524 1117 2588 lenem
1137 2529 1168 2588 ct
1188 2529 1279 2587 acute
1298 2526 1425 2609 excogi-

305 2643 411 2721 tatam,
446 2639 656 2702 necessariam
691 2657 761 2702 esse
795 2638 917 2719 dubito,
951 2643 982 2702 et
1012 2637 1167 2701 librorum
1191 2637 1360 2700 lectionem
1387 2657 1423 2701 eo

303 2751 455 2815 libentius
487 2749 629 2815 retinebo
663 2751 758 2834 quod,
788 2751 861 2814 licet
893 2751 1006 2814 ultima
1036 2750 1237 2834 singulorum
1270 2770 1424 2815 versuum
1463 2758 1466 2764 '

304 2863 426 2944 syllaba
449 2864 490 2927 sit
512 2881 637 2946 anceps
657 2863 824 2926 observavi
842 2868 949 2926 tamen
968 2861 1213 2946 plerumque
1233 2863 1282 2927 vel
1296 2863 1426 2928 ultimae

303 2976 443 3057 syllabae
477 2978 686 3060 quantitatem
720 2978 754 3039 in
790 2976 991 3059 stropharum
1011 2980 1042 3039 et
1058 2976 1325 3059 antistropharum
1349 2976 1426 3040 Pln·

303 3088 481 3152 daricarum
518 3088 662 3152 versibus
698 3088 889 3151 antithetiois
925 3107 994 3152 esse
1017 3088 1159 3152 eandem.
1182 3087 1266 3152 Nam
1289 3091 1316 3152 si
1341 3096 1426 3153 recte

302 3201 439 3264 calculos
482 3199 634 3282 subduxi,
671 3201 706 3262 in
737 3199 886 3264 omnibns
918 3200 1062 3283 epiniclis
1099 3219 1213 3264 versus
1248 3202 1424 3266 antithetlci

302 3317 362 3379 hac
391 3318 425 3379 in
454 3335 489 3380 re
513 3316 573 3380 sibi
598 3315 790 3398 respondent
814 3314 877 3376 615
901 3315 996 3395 vices,
1018 3316 1038 3376 i.
1052 3334 1076 3378 e.
1100 3334 1200 3398 paene
1224 3314 1273 3379 bis
1297 3317 1424 3398 saepius

304 3449 400 3512 quam
423 3447 489 3491 non
511 3428 714 3510 respondent,
737 3427 951 3510 discrepantes
976 3426 1039 3490 365
1064 3428 1156 3491 vices.
1179 3425 1425 3511 Quampropor·

304 3543 422 3606 tionem
441 3543 538 3606 haece
561 3541 674 3606 tabella
698 3542 850 3606 declarat:

550 3678 787 3763 Olympcarm.
832 3727 840 3742 .
885 3727 892 3740 .
939 3727 945 3740 .
993 3679 1178 3741 187:122

548 3793 654 3874 Pythi.
710 3841 725 3874 „
833 3841 840 3855 .
886 3841 893 3855 .
939 3840 946 3855 .
994 3792 1057 3854 227
1083 3812 1090 3854 :
1117 3791 1179 3854 106

547 3904 728 3985 Nemeic.„
835 3952 842 3967 .
887 3953 894 3966 .
940 3953 947 3966 .
995 3905 1091 3966 118:
1139 3905 1180 3966 90

547 4017 699 4082 Isthmiae
700 4066 946 4081 ......
1014 4019 1088 4080 83;
1135 4017 1187 4078 47.

349 4153 389 4216 In
418 4154 528 4218 multis
559 4160 665 4219 autem
695 4153 891 4220 carminibus
913 4156 1074 4238 proportio
1099 4158 1147 4218 est
1169 4154 1266 4236 longa
1288 4155 1424 4235 gravior,

305 4266 393 4330 velut
421 4267 456 4329 in
488 4265 523 4329 Ο.
556 4267 627 4348 VII,
652 4265 707 4330 ubi
730 4269 790 4332 ista
813 4267 935 4348 syllaba
957 4269 1093 4330 vicies
1118 4266 1353 4350 quinquies
1377 4272 1424 4330 est

305 4379 424 4462 eadem,
445 4381 678 4463 quinquies
701 4385 826 4444 tantum
848 4381 1011 4464 discrepat.
1035 4379 1124 4456 Quae
1143 4380 1320 4444 observatio
1342 4381 1424 4444 hano

306 4493 417 4557 saltem
451 4492 546 4557 habet
579 4493 756 4575 utilitatem,
790 4497 827 4558 ut
858 4495 893 4558 in
927 4513 1080 4558 versuum
1113 4493 1233 4557 finibus
1271 4493 1323 4557 hic
1359 4493 1425 4556 illic
