3626 5598
802 709 842 771 21

257 897 327 958 iure
360 895 506 978 negantis
538 893 634 957 verba
666 890 803 963 σνλαίείς
834 891 970 969 ἀγενείων
1003 893 1181 977 significare
1203 912 1297 976 posse
1320 913 1383 956 ex·

258 1007 406 1071 elusus
440 1005 692 1070 imberbium
726 1008 964 1071 certamine.
997 1009 1148 1074 Attamen
1171 1006 1304 1090 pulchro
1327 1006 1382 1069 illo

258 1111 311 1184 οἷον
338 1118 442 1195 ιίγῶνα
473 1120 644 1202 (quantum
677 1121 865 1200 certameni)
889 1122 1011 1185 invitus
1036 1139 1159 1184 caream
1185 1126 1215 1184 et
1237 1121 1383 1184 viuum

257 1231 357 1296 fnisse
379 1233 412 1294 in
435 1231 520 1296 ludis
544 1230 751 1296 Marathoniis
774 1233 954 1316 praemium
977 1234 1074 1296 nimis
1097 1235 1218 1296 ineerta
1242 1233 1382 1316 suspiei0

258 1349 313 1409 ost
339 1342 444 1420 Quare
468 1345 613 1410 oonieere
635 1345 761 1409 malim:

220 1455 223 1464 ’
444 1452 497 1524 οἷον
520 1458 547 1523 δ’
571 1459 600 1522 ἐν
622 1461 778 1541 Μαραθῶνι
801 1458 1012 1533 Ἑειλνίεὶς
1034 1458 1170 1538 οίγενείων

445 1568 531 1648 μένεν
552 1570 657 1649 ἀγῶνα
679 1572 739 1636 ιισὲ.

304 1683 348 1748 ef.
372 1683 535 1750 Homerus
558 1683 586 1748 B
610 1686 684 1748 294.

305 1905 344 1970 V.
369 1908 419 1971 57.
453 1903 520 1987 πρὶν
543 1904 713 1985 Ὀλύμπιος
735 1905 858 1985 οὶγεμοίν

444 2017 564 2099 θύγατρ’
576 2019 636 2085 ιὶπὸ
647 2023 707 2096 γας
718 2020 841 2082 Ἐπειῶν
854 2017 1012 2090 Ὀπόεντος
1024 2016 1221 2098 οίναρποίσαις,
1237 2016 1355 2083 ἕκαλο
1368 2043 1382 2092 ς

443 2130 538 2210 μίχθη
561 2130 771 2194 Μαιναλίαισιν
796 2131 826 2194 ἐν
849 2129 964 2211 δειραῖς,
988 2129 1048 2193 κτὲ.

300 2239 432 2315 Ἔναλος
456 2245 592 2327 pessime
615 2244 707 2307 multi
728 2245 915 2326 interpretes
937 2247 1108 2326 praeeunte
1126 2243 1294 2308 scholiasta
1313 2264 1369 2309 ex-

255 2356 374 2442 plicant
406 2355 508 2439 λοίίρμ,
541 2357 706 2421 afferentes
735 2356 825 2419 Iliad.
848 2355 930 2418 VIII
955 2356 1018 2418 512
1042 2361 1073 2420 et
1096 2353 1153 2419 Od.
1176 2355 1275 2420 XVII
1297 2358 1372 2439 478,

255 2468 313 2533 ubi
345 2469 429 2534 idem
464 2475 513 2534 est
546 2470 632 2553 quod
663 2488 787 2552 semper
817 2475 848 2533 et
879 2468 1009 2552 ubique,
1031 2469 1307 2551 tranquillus.
1333 2469 1373 2533 ef

255 2581 444 2646 Buttmanni
477 2580 618 2666 Leinog.
641 2580 659 2644 I
683 2582 755 2644 135.
779 2619 821 2626 -
844 2580 900 2645 Vs.
925 2581 967 2645 40
991 2577 1034 2658 μή
1060 2603 1108 2643 ννν
1131 2581 1212 2663 (sine
1235 2585 1378 2664 accentu)

253 2696 425 2780 legendum
455 2714 525 2760 esse
555 2700 587 2760 et
616 2714 662 2759 vs.
691 2696 732 2757 52
745 2714 791 2778 sq.
823 2713 882 2758 our
904 2691 1055 2758 οίνιίπωτιν
1078 2694 1249 2778 obiectum,
1274 2691 1379 2760 ίιντλον

255 2809 435 2875 subiectum
457 2828 527 2874 esse
549 2827 696 2874 censeam
718 2809 830 2873 monui
853 2807 1018 2873 Pindar.
1043 2808 1094 2871 12.

301 3029 426 3116 Olymp.
449 3031 484 3095 X
507 3032 535 3095 I.

387 3141 487 3208 ἕκαθεν
509 3143 567 3226 γαρ
590 3145 716 3209 ἐπελθὼν
738 3145 752 3208 ὅ
775 3142 931 3221 μέλλων
953 3141 1054 3223 χιόνος

386 3257 457 3334 ἐμοι
480 3256 665 3335 καταίσχυνε
688 3255 766 3334 βαθὺ
788 3254 885 3335 χρέος.

386 3367 465 3447 ὅμως
487 3368 519 3434 δὲ
542 3372 631 3432 λῦσαι
654 3368 776 3439 δυνατὸς
799 3364 892 3441 οξεῖαν
914 3365 1094 3448 ἐπιμομφὰν
1113 3367 1194 3440 σι’κος
1217 3366 1231 3431 ὃ
1254 3373 1374 3432 ναυσοῖν.

300 3481 382 3547 Cum
404 3482 664 3547 artifici0SIssima
687 3484 728 3546 sit
750 3483 966 3565 interpretatio
986 3483 1142 3565 participii
1161 3479 1287 3558 μέλλων,
1309 3503 1376 3546 nna

254 3600 376 3660 mutata
410 3595 515 3660 littera
548 3597 672 3660 correxi
702 3592 898 3675 οφέλλων,
931 3600 1074 3658 vertens:
1099 3593 1196 3658 Nam
1221 3614 1239 3659 e
1261 3595 1375 3680 long-

252 3708 382 3791 inquo
412 3708 643 3773 adveniens
673 3713 836 3792 tempus
868 3708 1059 3792 augendo
1089 3713 1212 3793 turpe
1235 3710 1375 3774 redde

253 3820 322 3886 bat
343 3823 496 3905 Ingens
519 3839 651 3886 meum
675 3822 881 3902 debitum3
906 3828 1186 3886 veruntamen
1209 3822 1374 3886 diluere

252 3939 393 4016 potest
416 3954 548 3999 aorem
572 3937 948 4020 reprehensionem
970 3935 1094 4000 fenus
1117 3935 1217 4018 (qnod
1240 3935 1373 4016 solvam)

253 4047 477 4110 nauticum.
500 4046 628 4111 Pindar.
656 4048 705 4111 12.

297 4156 420 4221 Ibidem
443 4157 575 4238 ὑπέρβιον
599 4179 644 4223 vs.
669 4161 711 4222 29
734 4180 808 4224 eum
833 4157 964 4237 Αὐγέαν,
989 4178 1054 4222 non
1077 4179 1150 4222 oum
1175 4157 1276 4237 μισίίν
1299 4161 1373 4222 iun-

252 4271 394 4355 gendum
417 4290 487 4336 esse
509 4272 641 4354 ostendi,
663 4278 733 4336 tum
756 4275 807 4356 egi
830 4273 868 4336 de
890 4274 924 4334 vi
945 4271 1078 4336 voculae
1100 4271 1154 4335 καί
1173 4293 1203 4334 v.
1228 4272 1270 4336 30
1291 4273 1373 4337 etde

250 4385 508 4468 interpretatione
530 4404 593 4448 vas.
619 4385 659 4447 51
683 4390 713 4448 et
737 4386 788 4466 82,
813 4404 842 4448 v.
864 4385 905 4447 78
925 4385 1081 4470 virgulam
1096 4385 1194 4450 deleri
1206 4387 1288 4449 inssi
1301 4391 1372 4469 post

253 4495 415 4576 ιὶγεοῶχοο,
440 4502 471 4561 et
491 4517 519 4560 v.
548 4498 587 4561 97
613 4499 750 4562 conieci:
