<?xml version="1.0" encoding="UTF-8"?>
<!DOCTYPE html PUBLIC "-//W3C//DTD XHTML 1.0 Transitional//EN"
    "http://www.w3.org/TR/xhtml1/DTD/xhtml1-transitional.dtd">
<html xmlns="http://www.w3.org/1999/xhtml" xml:lang="en" lang="en">
 <head>
  <title>
</title>
<meta http-equiv="Content-Type" content="text/html;charset=utf-8" />
  <meta name='ocr-system' content='tesseract 3.04.00' />
  <meta name='ocr-capabilities' content='ocr_page ocr_carea ocr_par ocr_line ocrx_word'/>
</head>
<body>
  <div class='ocr_page' id='page_1' title='image "./studiacriticaet00herwgoog_0038.png"; bbox 0 0 3626 5598; ppageno 0'>
   <div class='ocr_carea' id='block_1_1' title="bbox 290 908 1366 997">
    <p class='ocr_par' dir='ltr' id='par_1_1' title="bbox 290 908 1366 997">
     <span class='ocr_line' id='line_1_1' title="bbox 290 908 1366 997; baseline -0.002 -19"><span class='ocrx_word' id='word_1_1' title='bbox 290 914 357 979; x_wconf 87' lang='lat' dir='ltr'><strong>Nec</strong></span> <span class='ocrx_word' id='word_1_2' title='bbox 368 917 477 993; x_wconf 84' lang='grc' dir='ltr'><strong><em>πρῶτον</em></strong></span> <span class='ocrx_word' id='word_1_3' title='bbox 489 917 675 997; x_wconf 87' lang='lat' dir='ltr'><strong>aptum,neo</strong></span> <span class='ocrx_word' id='word_1_4' title='bbox 687 913 837 976; x_wconf 84' lang='lat' dir='ltr'><strong>universa</strong></span> <span class='ocrx_word' id='word_1_5' title='bbox 849 909 970 994; x_wconf 90' lang='lat' dir='ltr'><strong>periodi</strong></span> <span class='ocrx_word' id='word_1_6' title='bbox 979 909 1192 973; x_wconf 80' lang='lat' dir='ltr'><strong>conformatio.</strong></span> <span class='ocrx_word' id='word_1_7' title='bbox 1202 908 1366 994; x_wconf 84' lang='lat' dir='ltr'><strong>Suspicor:</strong></span> 
     </span>
    </p>
   </div>
   <div class='ocr_carea' id='block_1_2' title="bbox 433 1021 1241 1217">
    <p class='ocr_par' dir='ltr' id='par_1_2' title="bbox 433 1021 1241 1217">
     <span class='ocr_line' id='line_1_2' title="bbox 688 1021 1241 1103; baseline -0.004 -15"><span class='ocrx_word' id='word_1_8' title='bbox 688 1021 786 1098; x_wconf 73' lang='grc' dir='ltr'><strong><em>ξείνοις</em></strong></span> <span class='ocrx_word' id='word_1_9' title='bbox 811 1021 860 1086; x_wconf 75' lang='grc' dir='ltr'><strong>θέτ’</strong></span> <span class='ocrx_word' id='word_1_10' title='bbox 884 1021 1061 1086; x_wconf 76' lang='grc' dir='ltr'><strong><em>ἐλθόντεσσιν</em></strong></span> <span class='ocrx_word' id='word_1_11' title='bbox 1083 1021 1241 1103; x_wconf 68' lang='grc' dir='ltr'><strong><em>εὐεργέται,</em></strong></span> 
     </span>
     <span class='ocr_line' id='line_1_3' title="bbox 433 1135 1156 1217; baseline -0.007 -14"><span class='ocrx_word' id='word_1_12' title='bbox 433 1139 526 1203; x_wconf 79' lang='grc' dir='ltr'><strong><em>δεῖπν’</em></strong></span> <span class='ocrx_word' id='word_1_13' title='bbox 547 1136 814 1216; x_wconf 71' lang='grc' dir='ltr'><strong>ἐπαγγέλλων</strong></span> <span class='ocrx_word' id='word_1_14' title='bbox 837 1135 1033 1217; x_wconf 87' lang='grc' dir='ltr'><strong><em>προπρέων</em></strong></span> <span class='ocrx_word' id='word_1_15' title='bbox 1055 1141 1156 1216; x_wconf 80' lang='grc' dir='ltr'><strong><em>σφιν.</em></strong></span> 
     </span>
    </p>
   </div>
   <div class='ocr_carea' id='block_1_3' title="bbox 289 1251 558 1317">
    <p class='ocr_par' dir='ltr' id='par_1_3' title="bbox 289 1251 558 1317">
     <span class='ocr_line' id='line_1_4' title="bbox 289 1251 558 1317; baseline -0.004 0"><span class='ocrx_word' id='word_1_16' title='bbox 289 1253 333 1317; x_wconf 80' lang='lat' dir='ltr'><strong>cf.</strong></span> <span class='ocrx_word' id='word_1_17' title='bbox 357 1251 395 1316; x_wconf 89' lang='lat' dir='ltr'><strong>N.</strong></span> <span class='ocrx_word' id='word_1_18' title='bbox 419 1253 484 1316; x_wconf 87' lang='lat' dir='ltr'><strong>VII</strong></span> <span class='ocrx_word' id='word_1_19' title='bbox 507 1253 558 1316; x_wconf 86' lang='grc'><strong>86.</strong></span> 
     </span>
    </p>
   </div>
   <div class='ocr_carea' id='block_1_4' title="bbox 241 1455 1392 1991">
    <p class='ocr_par' dir='ltr' id='par_1_4' title="bbox 241 1455 1392 1882">
     <span class='ocr_line' id='line_1_5' title="bbox 289 1455 1392 1554; baseline -0.004 -30"><span class='ocrx_word' id='word_1_20' title='bbox 289 1460 328 1524; x_wconf 89' lang='lat' dir='ltr'><strong>V.</strong></span> <span class='ocrx_word' id='word_1_21' title='bbox 353 1462 404 1525; x_wconf 82' lang='lat'><strong>35.</strong></span> <span class='ocrx_word' id='word_1_22' title='bbox 427 1457 556 1554; x_wconf 75' lang='grc' dir='ltr'><strong>δεξιτερᾷΙ</strong></span> <span class='ocrx_word' id='word_1_23' title='bbox 580 1459 779 1540; x_wconf 79' lang='grc' dir='ltr'><strong><em>προτυχὸν</em></strong></span> <span class='ocrx_word' id='word_1_24' title='bbox 803 1455 891 1533; x_wconf 78' lang='grc' dir='ltr'><strong><em>ξένιον</em></strong></span> <span class='ocrx_word' id='word_1_25' title='bbox 914 1456 1047 1536; x_wconf 81' lang='grc' dir='ltr'><strong><em>μοθςενσε</em></strong></span> <span class='ocrx_word' id='word_1_26' title='bbox 1069 1457 1174 1522; x_wconf 76' lang='grc' dir='ltr'><strong><em>δοῦναι.</em></strong></span> <span class='ocrx_word' id='word_1_27' title='bbox 1388 1545 1392 1550; x_wconf 25' lang='lat'><strong>¹</strong></span> 
     </span>
     <span class='ocr_line' id='line_1_6' title="bbox 286 1571 1363 1657; baseline 0 -19"><span class='ocrx_word' id='word_1_28' title='bbox 286 1573 371 1638; x_wconf 87' lang='lat' dir='ltr'><strong>Nota</strong></span> <span class='ocrx_word' id='word_1_29' title='bbox 401 1573 596 1657; x_wconf 80' lang='lat' dir='ltr'>singularem</span> <span class='ocrx_word' id='word_1_30' title='bbox 619 1573 718 1637; x_wconf 90' lang='lat' dir='ltr'><strong>huius</strong></span> <span class='ocrx_word' id='word_1_31' title='bbox 742 1573 909 1656; x_wconf 85' lang='lat' dir='ltr'><strong>compositi</strong></span> <span class='ocrx_word' id='word_1_32' title='bbox 932 1591 1039 1654; x_wconf 92' lang='lat' dir='ltr'><strong>usum,</strong></span> <span class='ocrx_word' id='word_1_33' title='bbox 1062 1572 1119 1655; x_wconf 90' lang='lat' dir='ltr'><strong>qui</strong></span> <span class='ocrx_word' id='word_1_34' title='bbox 1140 1571 1204 1636; x_wconf 85' lang='lat' dir='ltr'><strong>iam</strong></span> <span class='ocrx_word' id='word_1_35' title='bbox 1228 1571 1363 1638; x_wconf 85' lang='lat' dir='ltr'><strong>advertit</strong></span> 
     </span>
     <span class='ocr_line' id='line_1_7' title="bbox 241 1683 1365 1768; baseline -0.004 -16"><span class='ocrx_word' id='word_1_36' title='bbox 241 1687 487 1752; x_wconf 82' lang='lat' dir='ltr'><strong>Alexandrinos</strong></span> <span class='ocrx_word' id='word_1_37' title='bbox 522 1685 604 1750; x_wconf 85' lang='lat' dir='ltr'><strong>Nam</strong></span> <span class='ocrx_word' id='word_1_38' title='bbox 640 1690 719 1750; x_wconf 87' lang='lat' dir='ltr'><strong>teste</strong></span> <span class='ocrx_word' id='word_1_39' title='bbox 754 1683 930 1748; x_wconf 79' lang='lat' dir='ltr'><strong>Scholiasta</strong></span> <span class='ocrx_word' id='word_1_40' title='bbox 964 1683 1101 1766; x_wconf 86' lang='lat' dir='ltr'><strong>Ohaeris,</strong></span> <span class='ocrx_word' id='word_1_41' title='bbox 1136 1702 1232 1767; x_wconf 91' lang='lat' dir='ltr'><strong>quem</strong></span> <span class='ocrx_word' id='word_1_42' title='bbox 1267 1685 1365 1768; x_wconf 84' lang='lat' dir='ltr'><strong>igitur</strong></span> 
     </span>
     <span class='ocr_line' id='line_1_8' title="bbox 242 1795 1364 1882; baseline -0.001 -18"><span class='ocrx_word' id='word_1_43' title='bbox 242 1801 335 1864; x_wconf 91' lang='lat' dir='ltr'><strong>latuit</strong></span> <span class='ocrx_word' id='word_1_44' title='bbox 356 1819 563 1864; x_wconf 90' lang='lat' dir='ltr'><strong>numerorum</strong></span> <span class='ocrx_word' id='word_1_45' title='bbox 587 1801 676 1882; x_wconf 83' lang='lat' dir='ltr'><strong>ratio,</strong></span> <span class='ocrx_word' id='word_1_46' title='bbox 699 1797 872 1882; x_wconf 81' lang='lat' dir='ltr'><strong>reponebat</strong></span> <span class='ocrx_word' id='word_1_47' title='bbox 890 1795 1132 1877; x_wconf 79' lang='grc' dir='ltr'><strong><em>παρατυχόν.</em></strong></span> <span class='ocrx_word' id='word_1_48' title='bbox 1154 1795 1270 1861; x_wconf 89' lang='lat' dir='ltr'><strong>Melius</strong></span> <span class='ocrx_word' id='word_1_49' title='bbox 1287 1816 1364 1863; x_wconf 86' lang='lat' dir='ltr'><strong>sane</strong></span> 
     </span>
    </p>

    <p class='ocr_par' dir='ltr' id='par_1_5' title="bbox 242 1908 644 1991">
     <span class='ocr_line' id='line_1_9' title="bbox 242 1908 644 1991; baseline -0.01 -14"><span class='ocrx_word' id='word_1_50' title='bbox 242 1911 429 1978; x_wconf 87' lang='lat' dir='ltr'><strong>coniecisset</strong></span> <span class='ocrx_word' id='word_1_51' title='bbox 450 1912 490 1976; x_wconf 79' lang='grc' dir='ltr'><strong>τὸ</strong></span> <span class='ocrx_word' id='word_1_52' title='bbox 512 1908 644 1991; x_wconf 78' lang='grc' dir='ltr'><strong><em>τυχόν.</em></strong></span> 
     </span>
    </p>
   </div>
   <div class='ocr_carea' id='block_1_5' title="bbox 236 2133 1363 3801">
    <p class='ocr_par' dir='ltr' id='par_1_6' title="bbox 285 2133 401 2199">
     <span class='ocr_line' id='line_1_10' title="bbox 285 2133 401 2199; baseline 0.026 -3"><span class='ocrx_word' id='word_1_53' title='bbox 285 2133 324 2198; x_wconf 87' lang='lat' dir='ltr'><strong>V.</strong></span> <span class='ocrx_word' id='word_1_54' title='bbox 350 2136 401 2199; x_wconf 82' lang='lat'><strong>64.</strong></span> 
     </span>
    </p>

    <p class='ocr_par' dir='ltr' id='par_1_7' title="bbox 241 2239 1274 2438">
     <span class='ocr_line' id='line_1_11' title="bbox 241 2239 1274 2328; baseline 0.001 -19"><span class='ocrx_word' id='word_1_55' title='bbox 241 2239 259 2319; x_wconf 79' lang='grc' dir='ltr'><strong><em>ἦ</em></strong></span> <span class='ocrx_word' id='word_1_56' title='bbox 288 2245 378 2324; x_wconf 81' lang='grc' dir='ltr'><strong><em>μοθλα</em></strong></span> <span class='ocrx_word' id='word_1_57' title='bbox 399 2245 441 2318; x_wconf 70' lang='grc' dir='ltr'><strong>δὴ</strong></span> <span class='ocrx_word' id='word_1_58' title='bbox 465 2245 545 2320; x_wconf 80' lang='grc' dir='ltr'><strong><em>μετθι</em></strong></span> <span class='ocrx_word' id='word_1_59' title='bbox 567 2243 634 2310; x_wconf 78' lang='grc' dir='ltr'><strong>καὶ</strong></span> <span class='ocrx_word' id='word_1_60' title='bbox 658 2251 737 2320; x_wconf 82' lang='grc' dir='ltr'><strong><em>νῦν,</em></strong></span> <span class='ocrx_word' id='word_1_61' title='bbox 763 2244 834 2314; x_wconf 71' lang='grc' dir='ltr'><strong><em>ὅτε</em></strong></span> <span class='ocrx_word' id='word_1_62' title='bbox 855 2245 1077 2327; x_wconf 84' lang='grc' dir='ltr'><strong><em>Φοινικοινθέμου</em></strong></span> <span class='ocrx_word' id='word_1_63' title='bbox 1100 2240 1163 2326; x_wconf 77' lang='grc' dir='ltr'><strong><em>ἦρος</em></strong></span> <span class='ocrx_word' id='word_1_64' title='bbox 1185 2245 1274 2328; x_wconf 79' lang='grc' dir='ltr'><strong><em>οὶκμρῖ</em></strong></span> 
     </span>
     <span class='ocr_line' id='line_1_12' title="bbox 241 2356 1092 2438; baseline 0 -17"><span class='ocrx_word' id='word_1_65' title='bbox 241 2356 328 2430; x_wconf 76' lang='grc' dir='ltr'><strong><em>παισὶ</em></strong></span> <span class='ocrx_word' id='word_1_66' title='bbox 351 2357 505 2430; x_wconf 79' lang='grc' dir='ltr'><strong><em>τούτοις</em></strong></span> <span class='ocrx_word' id='word_1_67' title='bbox 524 2357 623 2436; x_wconf 68' lang='grc' dir='ltr'><strong><em>ὄγδοον</em></strong></span> <span class='ocrx_word' id='word_1_68' title='bbox 647 2357 747 2422; x_wconf 79' lang='grc' dir='ltr'><strong><em>θοέλλει</em></strong></span> <span class='ocrx_word' id='word_1_69' title='bbox 771 2357 885 2438; x_wconf 81' lang='grc' dir='ltr'><strong><em>μέρος</em></strong></span> <span class='ocrx_word' id='word_1_70' title='bbox 908 2357 1092 2438; x_wconf 84' lang='grc' dir='ltr'><strong><em>Ἀριιεσθλας.</em></strong></span> 
     </span>
    </p>

    <p class='ocr_par' dir='ltr' id='par_1_8' title="bbox 238 2470 1363 2876">
     <span class='ocr_line' id='line_1_13' title="bbox 285 2470 1362 2555; baseline 0.001 -20"><span class='ocrx_word' id='word_1_71' title='bbox 285 2470 366 2535; x_wconf 80' lang='lat' dir='ltr'><strong>Cum</strong></span> <span class='ocrx_word' id='word_1_72' title='bbox 384 2472 455 2536; x_wconf 84' lang='lat' dir='ltr'><strong>aliis</strong></span> <span class='ocrx_word' id='word_1_73' title='bbox 478 2473 512 2534; x_wconf 94' lang='lat' dir='ltr'><strong>hi</strong></span> <span class='ocrx_word' id='word_1_74' title='bbox 534 2490 648 2536; x_wconf 85' lang='lat' dir='ltr'><strong>versus</strong></span> <span class='ocrx_word' id='word_1_75' title='bbox 669 2471 815 2536; x_wconf 82' lang='lat' dir='ltr'><strong>laborant</strong></span> <span class='ocrx_word' id='word_1_76' title='bbox 838 2471 1088 2554; x_wconf 68' lang='lat' dir='ltr'><strong>difficultatibus</strong></span> <span class='ocrx_word' id='word_1_77' title='bbox 1112 2492 1193 2555; x_wconf 84' lang='lat' dir='ltr'><strong>quas</strong></span> <span class='ocrx_word' id='word_1_78' title='bbox 1216 2492 1281 2536; x_wconf 94' lang='lat' dir='ltr'><strong>non</strong></span> <span class='ocrx_word' id='word_1_79' title='bbox 1306 2491 1362 2536; x_wconf 81' lang='lat' dir='ltr'><strong>ex·</strong></span> 
     </span>
     <span class='ocr_line' id='line_1_14' title="bbox 238 2581 1362 2669; baseline 0.002 -20"><span class='ocrx_word' id='word_1_80' title='bbox 238 2585 341 2668; x_wconf 88' lang='lat' dir='ltr'><strong>podio,</strong></span> <span class='ocrx_word' id='word_1_81' title='bbox 371 2590 441 2649; x_wconf 93' lang='lat' dir='ltr'><strong>tum</strong></span> <span class='ocrx_word' id='word_1_82' title='bbox 470 2586 614 2669; x_wconf 84' lang='lat' dir='ltr'><strong>displicet</strong></span> <span class='ocrx_word' id='word_1_83' title='bbox 644 2581 736 2665; x_wconf 87' lang='grc' dir='ltr'><strong><em>μέρος.</em></strong></span> <span class='ocrx_word' id='word_1_84' title='bbox 767 2585 846 2650; x_wconf 81' lang='lat' dir='ltr'><strong>Pars</strong></span> <span class='ocrx_word' id='word_1_85' title='bbox 877 2586 1024 2649; x_wconf 91' lang='lat' dir='ltr'><strong>codicum</strong></span> <span class='ocrx_word' id='word_1_86' title='bbox 1054 2585 1149 2650; x_wconf 91' lang='lat' dir='ltr'><strong>habet</strong></span> <span class='ocrx_word' id='word_1_87' title='bbox 1179 2583 1280 2662; x_wconf 83' lang='grc' dir='ltr'><strong><em>μέλος,</em></strong></span> <span class='ocrx_word' id='word_1_88' title='bbox 1305 2586 1362 2651; x_wconf 88' lang='lat' dir='ltr'><strong>sed</strong></span> 
     </span>
     <span class='ocr_line' id='line_1_15' title="bbox 239 2696 1363 2784; baseline 0.002 -23"><span class='ocrx_word' id='word_1_89' title='bbox 239 2717 315 2763; x_wconf 85' lang='lat' dir='ltr'><strong>vera</strong></span> <span class='ocrx_word' id='word_1_90' title='bbox 336 2698 429 2762; x_wconf 91' lang='lat' dir='ltr'><strong>lectio</strong></span> <span class='ocrx_word' id='word_1_91' title='bbox 451 2699 579 2763; x_wconf 86' lang='lat' dir='ltr'><strong>videtur</strong></span> <span class='ocrx_word' id='word_1_92' title='bbox 607 2696 739 2775; x_wconf 68' lang='grc' dir='ltr'><strong><em>γένος,</em></strong></span> <span class='ocrx_word' id='word_1_93' title='bbox 764 2699 968 2782; x_wconf 90' lang='lat' dir='ltr'><strong>quodetiam</strong></span> <span class='ocrx_word' id='word_1_94' title='bbox 991 2698 1067 2762; x_wconf 87' lang='lat' dir='ltr'><strong>alibi</strong></span> <span class='ocrx_word' id='word_1_95' title='bbox 1088 2699 1234 2763; x_wconf 88' lang='lat' dir='ltr'><strong>similiter</strong></span> <span class='ocrx_word' id='word_1_96' title='bbox 1253 2699 1363 2784; x_wconf 87' lang='lat' dir='ltr'><strong>depra-</strong></span> 
     </span>
     <span class='ocr_line' id='line_1_16' title="bbox 238 2799 452 2876; baseline 0 -2"><span class='ocrx_word' id='word_1_97' title='bbox 238 2816 348 2876; x_wconf 83' lang='lat' dir='ltr'><strong>vatum</strong></span> <span class='ocrx_word' id='word_1_98' title='bbox 376 2799 452 2875; x_wconf 80' lang='lat' dir='ltr'><strong>vidi.</strong></span> 
     </span>
    </p>

    <p class='ocr_par' dir='ltr' id='par_1_9' title="bbox 238 2925 1362 3351">
     <span class='ocr_line' id='line_1_17' title="bbox 282 2925 1362 3018; baseline 0 -28"><span class='ocrx_word' id='word_1_99' title='bbox 282 2925 372 2990; x_wconf 86' lang='lat' dir='ltr'><strong>Haeo</strong></span> <span class='ocrx_word' id='word_1_100' title='bbox 400 2927 464 2989; x_wconf 86' lang='lat' dir='ltr'><strong>iam</strong></span> <span class='ocrx_word' id='word_1_101' title='bbox 497 2927 695 3018; x_wconf 82' lang='lat' dir='ltr'><strong>scripseram,</strong></span> <span class='ocrx_word' id='word_1_102' title='bbox 719 2945 793 2990; x_wconf 90' lang='lat' dir='ltr'><strong>cum</strong></span> <span class='ocrx_word' id='word_1_103' title='bbox 815 2926 914 2989; x_wconf 90' lang='lat' dir='ltr'><strong>incidi</strong></span> <span class='ocrx_word' id='word_1_104' title='bbox 937 2927 970 2989; x_wconf 93' lang='lat' dir='ltr'><strong>iu</strong></span> <span class='ocrx_word' id='word_1_105' title='bbox 997 2926 1221 3010; x_wconf 84' lang='lat' dir='ltr'><strong>suspicionem,</strong></span> <span class='ocrx_word' id='word_1_106' title='bbox 1244 2930 1362 3010; x_wconf 85' lang='lat' dir='ltr'><strong>quaet</strong></span> 
     </span>
     <span class='ocr_line' id='line_1_18' title="bbox 238 3037 1359 3124; baseline 0.002 -22"><span class='ocrx_word' id='word_1_107' title='bbox 238 3040 368 3104; x_wconf 91' lang='lat' dir='ltr'><strong>retineri</strong></span> <span class='ocrx_word' id='word_1_108' title='bbox 398 3037 481 3118; x_wconf 77' lang='grc' dir='ltr'><strong><em>μέρος</em></strong></span> <span class='ocrx_word' id='word_1_109' title='bbox 512 3045 542 3104; x_wconf 91' lang='lat' dir='ltr'><strong>et</strong></span> <span class='ocrx_word' id='word_1_110' title='bbox 564 3040 706 3123; x_wconf 87' lang='lat' dir='ltr'><strong>reliquae</strong></span> <span class='ocrx_word' id='word_1_111' title='bbox 728 3040 893 3104; x_wconf 87' lang='lat' dir='ltr'><strong>molestiae</strong></span> <span class='ocrx_word' id='word_1_112' title='bbox 918 3038 1061 3123; x_wconf 84' lang='lat' dir='ltr'><strong>expediri</strong></span> <span class='ocrx_word' id='word_1_113' title='bbox 1084 3059 1177 3124; x_wconf 87' lang='lat' dir='ltr'><strong>posse</strong></span> <span class='ocrx_word' id='word_1_114' title='bbox 1199 3039 1359 3104; x_wconf 82' lang='lat' dir='ltr'><strong>videntur.</strong></span> 
     </span>
     <span class='ocr_line' id='line_1_19' title="bbox 240 3147 1359 3238; baseline 0.002 -22"><span class='ocrx_word' id='word_1_115' title='bbox 240 3151 321 3217; x_wconf 78' lang='lat' dir='ltr'><strong>Cum</strong></span> <span class='ocrx_word' id='word_1_116' title='bbox 354 3155 439 3216; x_wconf 91' lang='lat' dir='ltr'><strong>enim</strong></span> <span class='ocrx_word' id='word_1_117' title='bbox 469 3153 613 3238; x_wconf 89' lang='lat' dir='ltr'><strong>plerique</strong></span> <span class='ocrx_word' id='word_1_118' title='bbox 643 3153 768 3217; x_wconf 83' lang='lat' dir='ltr'><strong>codices</strong></span> <span class='ocrx_word' id='word_1_119' title='bbox 790 3153 938 3216; x_wconf 89' lang='lat' dir='ltr'><strong>omittant</strong></span> <span class='ocrx_word' id='word_1_120' title='bbox 962 3149 1017 3220; x_wconf 64' lang='lat' dir='ltr'><strong>es</strong></span> <span class='ocrx_word' id='word_1_121' title='bbox 1041 3152 1131 3237; x_wconf 87' lang='lat' dir='ltr'><strong>(ng.</strong></span> <span class='ocrx_word' id='word_1_122' title='bbox 1155 3147 1229 3236; x_wconf 78' lang='grc' dir='ltr'><strong><em>ὧτε),</em></strong></span> <span class='ocrx_word' id='word_1_123' title='bbox 1252 3155 1359 3221; x_wconf 86' lang='lat' dir='ltr'><strong>nescio</strong></span> 
     </span>
     <span class='ocr_line' id='line_1_20' title="bbox 238 3265 1157 3351; baseline -0.002 -20"><span class='ocrx_word' id='word_1_124' title='bbox 238 3287 279 3332; x_wconf 87' lang='lat' dir='ltr'><strong>an</strong></span> <span class='ocrx_word' id='word_1_125' title='bbox 302 3268 362 3332; x_wconf 93' lang='lat' dir='ltr'><strong>hoo</strong></span> <span class='ocrx_word' id='word_1_126' title='bbox 385 3270 426 3331; x_wconf 90' lang='lat' dir='ltr'><strong>sit</strong></span> <span class='ocrx_word' id='word_1_127' title='bbox 447 3268 616 3351; x_wconf 77' lang='lat' dir='ltr'><strong>glossema,</strong></span> <span class='ocrx_word' id='word_1_128' title='bbox 642 3271 673 3330; x_wconf 93' lang='lat' dir='ltr'><strong>et</strong></span> <span class='ocrx_word' id='word_1_129' title='bbox 695 3267 837 3350; x_wconf 81' lang='lat' dir='ltr'><strong>genuina</strong></span> <span class='ocrx_word' id='word_1_130' title='bbox 860 3267 923 3329; x_wconf 91' lang='lat' dir='ltr'><strong>loci</strong></span> <span class='ocrx_word' id='word_1_131' title='bbox 946 3265 1042 3330; x_wconf 82' lang='lat' dir='ltr'><strong>iacies</strong></span> <span class='ocrx_word' id='word_1_132' title='bbox 1063 3267 1157 3331; x_wconf 90' lang='lat' dir='ltr'><strong>haec:</strong></span> 
     </span>
    </p>

    <p class='ocr_par' dir='ltr' id='par_1_10' title="bbox 237 3373 1256 3571">
     <span class='ocr_line' id='line_1_21' title="bbox 238 3373 1256 3460; baseline -0.002 -16"><span class='ocrx_word' id='word_1_133' title='bbox 238 3374 257 3452; x_wconf 72' lang='grc' dir='ltr'><strong><em>ἦ</em></strong></span> <span class='ocrx_word' id='word_1_134' title='bbox 279 3378 368 3458; x_wconf 75' lang='grc' dir='ltr'><strong><em>μέλα</em></strong></span> <span class='ocrx_word' id='word_1_135' title='bbox 391 3378 426 3451; x_wconf 73' lang='lat' dir='ltr'><strong>tt</strong></span> <span class='ocrx_word' id='word_1_136' title='bbox 449 3380 530 3457; x_wconf 84' lang='grc' dir='ltr'><strong><em>μετθι</em></strong></span> <span class='ocrx_word' id='word_1_137' title='bbox 554 3386 681 3442; x_wconf 79' lang='grc' dir='ltr'><strong><em>κεῖνον</em></strong></span> <span class='ocrx_word' id='word_1_138' title='bbox 704 3382 818 3459; x_wconf 80' lang='grc' dir='ltr'><strong>Φῶτα</strong></span> <span class='ocrx_word' id='word_1_139' title='bbox 841 3377 1061 3457; x_wconf 85' lang='grc' dir='ltr'><strong><em>Φοινικανθέμου</em></strong></span> <span class='ocrx_word' id='word_1_140' title='bbox 1084 3373 1146 3458; x_wconf 76' lang='grc' dir='ltr'><strong><em>ἦρος</em></strong></span> <span class='ocrx_word' id='word_1_141' title='bbox 1168 3378 1256 3460; x_wconf 77' lang='grc' dir='ltr'><strong><em>θκμρῖ</em></strong></span> 
     </span>
     <span class='ocr_line' id='line_1_22' title="bbox 237 3489 1085 3571; baseline -0.001 -16"><span class='ocrx_word' id='word_1_142' title='bbox 237 3490 324 3556; x_wconf 81' lang='grc' dir='ltr'><strong><em>παισὶ</em></strong></span> <span class='ocrx_word' id='word_1_143' title='bbox 348 3498 525 3563; x_wconf 82' lang='grc' dir='ltr'><strong><em>κλειτοῑς</em></strong></span> <span class='ocrx_word' id='word_1_144' title='bbox 549 3489 647 3569; x_wconf 73' lang='grc' dir='ltr'><strong><em>ὄγδοον</em></strong></span> <span class='ocrx_word' id='word_1_145' title='bbox 668 3489 768 3555; x_wconf 69' lang='lat' dir='ltr'><strong>osne</strong></span> <span class='ocrx_word' id='word_1_146' title='bbox 793 3490 878 3571; x_wconf 88' lang='grc' dir='ltr'><strong><em>μέρος</em></strong></span> <span class='ocrx_word' id='word_1_147' title='bbox 901 3490 1085 3570; x_wconf 80' lang='grc' dir='ltr'><strong><em>Ἀρκεσίλας.</em></strong></span> 
     </span>
    </p>

    <p class='ocr_par' dir='ltr' id='par_1_11' title="bbox 236 3602 1358 3801">
     <span class='ocr_line' id='line_1_23' title="bbox 236 3602 1358 3689; baseline 0.002 -21"><span class='ocrx_word' id='word_1_148' title='bbox 236 3606 257 3668; x_wconf 89' lang='lat' dir='ltr'><strong>i.</strong></span> <span class='ocrx_word' id='word_1_149' title='bbox 279 3625 305 3670; x_wconf 88' lang='lat' dir='ltr'><strong>e.</strong></span> <span class='ocrx_word' id='word_1_150' title='bbox 334 3605 479 3669; x_wconf 84' lang='lat' dir='ltr'><strong>Proiecto</strong></span> <span class='ocrx_word' id='word_1_151' title='bbox 508 3610 580 3689; x_wconf 91' lang='lat' dir='ltr'><strong>post</strong></span> <span class='ocrx_word' id='word_1_152' title='bbox 601 3604 732 3668; x_wconf 82' lang='lat' dir='ltr'><strong>Battum</strong></span> <span class='ocrx_word' id='word_1_153' title='bbox 758 3604 867 3668; x_wconf 87' lang='lat' dir='ltr'><strong>adulto</strong></span> <span class='ocrx_word' id='word_1_154' title='bbox 892 3623 965 3668; x_wconf 90' lang='lat' dir='ltr'><strong>vere</strong></span> <span class='ocrx_word' id='word_1_155' title='bbox 988 3603 1101 3668; x_wconf 91' lang='lat' dir='ltr'><strong>florido</strong></span> <span class='ocrx_word' id='word_1_156' title='bbox 1126 3602 1214 3685; x_wconf 83' lang='lat' dir='ltr'><strong>(flore</strong></span> <span class='ocrx_word' id='word_1_157' title='bbox 1237 3605 1358 3686; x_wconf 82' lang='lat' dir='ltr'><strong>aetatis)</strong></span> 
     </span>
     <span class='ocr_line' id='line_1_24' title="bbox 236 3703 1358 3801; baseline -0.002 -19"><span class='ocrx_word' id='word_1_158' title='bbox 236 3717 328 3783; x_wconf 87' lang='lat' dir='ltr'><strong>floret</strong></span> <span class='ocrx_word' id='word_1_159' title='bbox 361 3703 554 3799; x_wconf 80' lang='lat' dir='ltr'><strong>inclytorum</strong></span> <span class='ocrx_word' id='word_1_160' title='bbox 590 3718 660 3782; x_wconf 90' lang='lat' dir='ltr'><strong>eius</strong></span> <span class='ocrx_word' id='word_1_161' title='bbox 694 3721 894 3801; x_wconf 90' lang='lat' dir='ltr'><strong>posterorum</strong></span> <span class='ocrx_word' id='word_1_162' title='bbox 928 3723 1060 3780; x_wconf 82' lang='lat' dir='ltr'><strong>octavus</strong></span> <span class='ocrx_word' id='word_1_163' title='bbox 1091 3716 1282 3781; x_wconf 73' lang='lat' dir='ltr'><strong>Arcesilaus.</strong></span> <span class='ocrx_word' id='word_1_164' title='bbox 1306 3717 1358 3782; x_wconf 87' lang='lat' dir='ltr'><strong>Ad</strong></span> 
     </span>
    </p>
   </div>
   <div class='ocr_carea' id='block_1_6' title="bbox 236 3830 606 3912">
    <p class='ocr_par' dir='ltr' id='par_1_12' title="bbox 236 3830 606 3912">
     <span class='ocr_line' id='line_1_25' title="bbox 236 3830 606 3912; baseline 0 -18"><span class='ocrx_word' id='word_1_165' title='bbox 236 3830 321 3912; x_wconf 89' lang='grc' dir='ltr'><strong><em>μέρος</em></strong></span> <span class='ocrx_word' id='word_1_166' title='bbox 343 3832 380 3895; x_wconf 90' lang='lat' dir='ltr'><strong>cf.</strong></span> <span class='ocrx_word' id='word_1_167' title='bbox 404 3831 438 3895; x_wconf 93' lang='lat' dir='ltr'><strong>P.</strong></span> <span class='ocrx_word' id='word_1_168' title='bbox 462 3831 530 3894; x_wconf 89' lang='lat' dir='ltr'><strong>XII</strong></span> <span class='ocrx_word' id='word_1_169' title='bbox 556 3832 606 3895; x_wconf 88' lang='grc'><strong>10.</strong></span> 
     </span>
    </p>
   </div>
   <div class='ocr_carea' id='block_1_7' title="bbox 233 4044 1358 4581">
    <p class='ocr_par' dir='ltr' id='par_1_13' title="bbox 233 4044 1358 4581">
     <span class='ocr_line' id='line_1_26' title="bbox 281 4044 1203 4131; baseline 0 -16"><span class='ocrx_word' id='word_1_170' title='bbox 281 4053 319 4116; x_wconf 87' lang='lat' dir='ltr'><strong>V.</strong></span> <span class='ocrx_word' id='word_1_171' title='bbox 346 4053 395 4115; x_wconf 79' lang='lat'><strong>71.</strong></span> <span class='ocrx_word' id='word_1_172' title='bbox 862 4048 1008 4131; x_wconf 77' lang='grc' dir='ltr'><strong><em>θέσφατα</em></strong></span> <span class='ocrx_word' id='word_1_173' title='bbox 1031 4044 1065 4124; x_wconf 78' lang='grc' dir='ltr'><strong>ἦν</strong></span> <span class='ocrx_word' id='word_1_174' title='bbox 1093 4050 1203 4116; x_wconf 74' lang='grc' dir='ltr'><strong><em>Πελίαν</em></strong></span> 
     </span>
     <span class='ocr_line' id='line_1_27' title="bbox 236 4160 1355 4242; baseline 0.002 -13"><span class='ocrx_word' id='word_1_175' title='bbox 236 4161 269 4238; x_wconf 77' lang='grc' dir='ltr'><strong>ἐξ</strong></span> <span class='ocrx_word' id='word_1_176' title='bbox 290 4164 411 4241; x_wconf 59' lang='lat' dir='ltr'><strong>aeacus</strong></span> <span class='ocrx_word' id='word_1_177' title='bbox 433 4163 571 4228; x_wconf 70' lang='grc' dir='ltr'><strong><em>Αἰολιδᾶν</em></strong></span> <span class='ocrx_word' id='word_1_178' title='bbox 591 4161 714 4240; x_wconf 86' lang='grc' dir='ltr'><strong><em>θανέμεν</em></strong></span> <span class='ocrx_word' id='word_1_179' title='bbox 733 4161 876 4242; x_wconf 72' lang='grc' dir='ltr'><strong><em>χείρεσσιν</em></strong></span> <span class='ocrx_word' id='word_1_180' title='bbox 896 4160 1099 4240; x_wconf 77' lang='grc' dir='ltr'><strong><em>ἢβουλιιῑς</em></strong></span> <span class='ocrx_word' id='word_1_181' title='bbox 1117 4161 1355 4238; x_wconf 80' lang='grc' dir='ltr'><strong><em>ιθκιέμππυιι,</em></strong></span> 
     </span>
     <span class='ocr_line' id='line_1_28' title="bbox 281 4274 1357 4359; baseline 0.004 -19"><span class='ocrx_word' id='word_1_182' title='bbox 281 4277 371 4340; x_wconf 81' lang='lat' dir='ltr'><strong>Mam</strong></span> <span class='ocrx_word' id='word_1_183' title='bbox 398 4276 514 4359; x_wconf 89' lang='lat' dir='ltr'><strong>aliquis</strong></span> <span class='ocrx_word' id='word_1_184' title='bbox 537 4274 727 4353; x_wconf 81' lang='grc' dir='ltr'><strong><em>βουλαῖσι</em></strong></span> <span class='ocrx_word' id='word_1_185' title='bbox 750 4281 948 4354; x_wconf 84' lang='grc' dir='ltr'><strong><em>κρυπτοῖς</em></strong></span> <span class='ocrx_word' id='word_1_186' title='bbox 971 4277 1006 4357; x_wconf 84' lang='lat' dir='ltr'><strong>(s.</strong></span> <span class='ocrx_word' id='word_1_187' title='bbox 1029 4277 1178 4359; x_wconf 82' lang='grc' dir='ltr'><strong><em>κρυπτοῖς)</em></strong></span> <span class='ocrx_word' id='word_1_188' title='bbox 1200 4275 1357 4352; x_wconf 80' lang='grc' dir='ltr'><strong><em>νο1βυυ·</em></strong></span> 
     </span>
     <span class='ocr_line' id='line_1_29' title="bbox 234 4385 1358 4472; baseline 0.003 -19"><span class='ocrx_word' id='word_1_189' title='bbox 234 4395 328 4461; x_wconf 80' lang='grc' dir='ltr'><strong><em>λοιῒς</em></strong></span> <span class='ocrx_word' id='word_1_190' title='bbox 351 4393 580 4460; x_wconf 84' lang='grc' dir='ltr'><strong><em>καλυπταῖς</em></strong></span> <span class='ocrx_word' id='word_1_191' title='bbox 607 4385 825 4472; x_wconf 66' lang='lat' dir='ltr'><strong>(mnemon),</strong></span> <span class='ocrx_word' id='word_1_192' title='bbox 852 4393 922 4452; x_wconf 80' lang='lat' dir='ltr'><strong>aut</strong></span> <span class='ocrx_word' id='word_1_193' title='bbox 940 4389 978 4452; x_wconf 83' lang='lat' dir='ltr'><strong>vi</strong></span> <span class='ocrx_word' id='word_1_194' title='bbox 996 4392 1068 4454; x_wconf 84' lang='lat' dir='ltr'><strong>aut</strong></span> <span class='ocrx_word' id='word_1_195' title='bbox 1087 4387 1189 4453; x_wconf 88' lang='lat' dir='ltr'><strong>dolo.</strong></span> <span class='ocrx_word' id='word_1_196' title='bbox 1210 4387 1358 4456; x_wconf 76' lang='lat' dir='ltr'><strong>ueterum</strong></span> 
     </span>
     <span class='ocr_line' id='line_1_30' title="bbox 233 4499 812 4581; baseline -0.005 -15"><span class='ocrx_word' id='word_1_197' title='bbox 233 4502 271 4566; x_wconf 84' lang='lat' dir='ltr'><strong>ef.</strong></span> <span class='ocrx_word' id='word_1_198' title='bbox 293 4502 507 4567; x_wconf 85' lang='lat' dir='ltr'><strong>Homericum</strong></span> <span class='ocrx_word' id='word_1_199' title='bbox 525 4499 671 4581; x_wconf 77' lang='grc' dir='ltr'><strong><em>θςεμφέα</em></strong></span> <span class='ocrx_word' id='word_1_200' title='bbox 693 4499 812 4577; x_wconf 72' lang='grc' dir='ltr'><strong><em>βουλήν.</em></strong></span> 
     </span>
    </p>
   </div>
   <div class='ocr_carea' id='block_1_8' title="bbox 0 0 1818 5598">
    <p class='ocr_par' dir='ltr' id='par_1_14' title="bbox 0 0 1818 5598">
     <span class='ocr_line' id='line_1_31' title="bbox 0 0 1818 5598; baseline 0 3"><span class='ocrx_word' id='word_1_201' title='bbox 0 0 1818 5598; x_wconf 95' lang='lat' dir='ltr'><strong> </strong></span> 
     </span>
    </p>
   </div>
  </div>
 </body>
</html>
