3626 5598
795 700 836 761 65

296 884 335 948 V..
361 885 411 947 70.
434 882 506 947 nai
531 881 617 956 ξένων
636 883 810 964 εὐεργεσίαις
834 884 1005 960 άγαπάται.
1355 947 1357 950 .

295 995 465 1080 Perperam
496 997 625 1081 Mezger
652 1017 714 1078 „er
736 999 791 1062 hat
813 1000 901 1063 scine
923 998 1047 1062 Frende
1070 999 1138 1080 (sic)
1163 1018 1203 1060 an
1228 998 1284 1061 der
1307 998 1375 1062 Un-

252 1114 453 1194 terstutzung
476 1110 532 1174 der
553 1110 739 1175 Fremden.”
760 1111 857 1175 Verte
881 1117 1034 1195 „propter
1045 1111 1205 1194 hospitum
1220 1109 1373 1173 beneficia

251 1221 422 1304 diligitur.”
447 1222 508 1286 Sed
531 1222 604 1287 vide
626 1243 665 1285 an
692 1222 787 1287 scribi
810 1228 951 1307 oporteat
974 1219 1063 1304 κάν,
1085 1227 1122 1286 ut
1142 1220 1280 1284 01149
1301 1218 1371 1292 νέοις

253 1333 285 1411 (1.
309 1331 387 1417 νέων)
412 1334 447 1398 ἐν
471 1331 581 1405 άέάλοις
604 1335 640 1398 ἐν
665 1333 787 1415 μάχαις
810 1356 843 1398 τε
866 1333 997 1411 πολέμου
1019 1333 1194 1411 τιμώμενος.

294 1517 405 1583 Isthm.
428 1518 510 1582 VIH
533 1520 576 1582 34
598 1517 662 1582 ἐπεὶ
686 1515 840 1600 θεσφάτων
865 1515 1051 1591 ἥκουσαν.

298 1629 405 1714 Bergk
433 1633 468 1694 in
503 1631 549 1694 ed.
573 1631 654 1695 IVta
676 1631 762 1695 dedit
785 1631 937 1712 ἐσυνῆκαν,
963 1651 1027 1714 qua
1049 1629 1182 1694 barbara
1205 1630 1307 1694 forma
1329 1650 1378 1695 re-

255 1761 329 1806 vera
352 1743 585 1808 Anacreontern
609 1749 640 1807 et
661 1743 816 1808 Alcaeum
839 1764 916 1808 usos
939 1763 1009 1808 esse
1031 1744 1117 1807 haud
1137 1744 1229 1808 facile
1241 1745 1377 1808 credam.

254 1854 414 1920 Pindarus
437 1856 549 1920 saltem
571 1855 650 1920 nihil
669 1858 829 1920 commisit
848 1875 947 1940 quare
967 1856 1084 1940 dignus
1097 1862 1272 1938 censeatur,
1285 1859 1378 1921 cuius

255 1969 356 2033 oratio
398 1969 581 2032 istiusmodi
614 1968 686 2032 labe
718 1970 914 2051 inquinatur.
949 1967 1104 2051 Rekiquae
1139 1988 1258 2052 omnes,
1293 1989 1373 2052 quas

255 2079 361 2164 Bergk
379 2082 414 2143 in
434 2080 636 2145 adnotatione
655 2083 822 2163 recensuit,
843 2083 1044 2146 coniecturae
1063 2083 1126 2146 ista
1137 2082 1283 2146 meliores
1295 2088 1379 2146 sunt

299 2268 339 2331 V.
361 2269 412 2331 48.
436 2265 531 2332 λάοι
554 2290 622 2331 κεν
644 2268 768 2346 χαλινὸν
792 2267 845 2349 ὑφ’
870 2265 933 2349 ἥρωι
957 2267 1122 2349 παρθενίας.

298 2382 358 2444 Vir
383 2387 458 2446 noto
483 2402 546 2446 usu
569 2383 685 2446 dicitur
710 2383 828 2466 virgini
851 2379 927 2445 λύειν
950 2380 1050 2460 ζωνῆν,
1077 2383 1132 2446 sed
1156 2401 1263 2447 nonne
1286 2384 1375 2466 virgo

255 2496 388 2559 dicenda
410 2500 458 2559 est
482 2492 599 2558 λύεσθαι
622 2493 712 2574 ζωνὶρν
737 2494 786 2557 ὑπ’
812 2491 934 2574 άνδράςῖ
959 2495 1012 2558 An
1035 2496 1133 2578 igitur
1155 2494 1378 2559 scribendum:

255 2605 387 2671 λύοιτ’
410 2605 457 2671 άν
480 2608 603 2688 χαλινὸν
624 2607 704 2674 uri?

301 2793 424 2878 Fragm.
450 2795 500 2857 97.
524 2793 556 2856 τὸ
577 2793 676 2873 σαυτῷ
701 2791 791 2870 μέλος
815 2791 948 2873 Γλάζεις.

301 2907 427 2972 Merum
450 2907 572 2971 librarii
594 2906 731 2988 σφάλμα
750 2927 820 2973 esse
838 2909 965 2972 videtur
984 2928 1039 2992 pro
1053 2906 1188 2988 Κλάζεις,
1203 2909 1379 2992 quaforma

258 3040 332 3084 oum
356 3022 467 3084 ceteris
491 3021 640 3085 omnibus
664 3027 756 3105 poeta
780 3042 860 3085 usus
885 3028 939 3086 est.
963 3020 998 3084 P.
1022 3020 1071 3083 IV
1094 3023 1144 3084 23.
1170 3020 1243 3085 Non
1264 3029 1378 3105 ignoro

256 3132 411 3213 Hesychii
433 3133 572 3217 glossam
596 3130 713 3212 γλάζ
724 3155 769 3196 ει·
793 3130 994 3213 ππερύσσεπαι.
1021 3131 1154 3213 κέκραγε.
1179 3133 1230 3197 ibi
1251 3133 1377 3198 favente

257 3245 434 3309 litterarum
467 3245 577 3309 ordine
607 3245 683 3308 olim
718 3265 759 3309 ex
782 3244 900 3326 Cyrillo
924 3250 1104 3310 correctum
1126 3251 1175 3309 est
1195 3243 1380 3325 γλαγγάζοι,

259 3358 343 3441 quod
366 3359 473 3442 ipsum
498 3363 683 3441 suspectum
703 3363 751 3422 est
773 3377 830 3442 pro
852 3355 1033 3437 αλαγγάζει,
1058 3378 1083 3422 s.
1105 3355 1281 3434 κλαγγάνει.

303 3542 352 3607 rr.
377 3544 449 3607 101.
474 3541 553 3623 ὀρέων
577 3540 646 3623 ὕπερ
669 3541 733 3615 ἔσω,
758 3543 787 3629 ll
812 3549 862 3607 καὶ
885 3542 1003 3622 μυχοὺς
1026 3541 1285 3608 δινάσσατο.

303 3656 473 3742 Ingeniosa
503 3655 610 3740 Bergk
641 3676 699 3741 ope
728 3656 883 3738 Hesychii
912 3656 921 3718 i
933 3654 1122 3729 νάσατο,
1146 3659 1166 3720 1.
1187 3677 1212 3722 e.
1235 3653 1381 3738 ἐκάθηρεν.

261 3768 331 3846 Quo
354 3772 485 3835 invento
508 3791 597 3852 usne,
618 3771 724 3835 lenius
747 3773 842 3835 etiam
867 3772 1007 3834 correxi:

471 3882 551 3960 ὀρέων
573 3883 600 3947 δ’
624 3880 692 3963 ὅπερ
715 3881 781 3950 ἓςα·
804 3883 834 3969 l)
856 3882 905 3947 καὶ
930 3883 1045 3962 μυχοὺς
1070 3883 1097 3946 δ’
1121 3881 1309 3947 ἶνάσατο

472 3995 657 4074 βαλλόμενος
678 3996 827 4077 κρηπῖδας
852 3994 974 4068 άλοὲων,
998 3995 1057 4059 xri.
1083 3995 1208 4060 Pind.
1233 3997 1284 4058 31.

305 4169 354 4235 Fr.
381 4172 452 4234 154.
475 4171 609 4251 ἐλαφράν
631 4167 806 4249 κυπάρισσον
829 4167 950 4248 Φιλέειν,

473 4286 523 4349 εὀἳν
546 4281 577 4347 δὲ
600 4283 686 4361 νομὸν
709 4282 824 4363 Κρήτας
847 4282 1000 4362 περιδαῖον.

470 4394 534 4473 ἐμοὶ
556 4395 583 4459 δ’
607 4395 703 4473 ὀλίγον
725 4395 780 4472 μὲν
802 4398 861 4471 γάρ
884 4392 1067 4458 δέδοται
1090 4390 1184 4457 ὅθεν
1206 4389 1361 4473 άδρος,

352 4546 354 4552 ‚
472 4505 592 4571 πενθέων
615 4506 642 4570 δ’
667 4507 716 4571 οὐκ
741 4503 853 4585 ἔλαχον
878 4505 943 4570 οὐδὲ
967 4503 1084 4572 ςασίων.

1275 4617 1292 4666 5
