3626 5598
820 695 864 757 29

281 881 390 944 matris
421 880 557 944 exitium
590 877 700 942 afferre
731 878 881 960 coepisse,
906 876 991 960 quod
1014 876 1100 940 hunc
1124 875 1316 956 sustulisset,
1339 874 1403 938 nisi

275 997 368 1077 ¹pater
398 993 512 1056 ultimo
543 993 694 1074 temporis
726 993 887 1054 momento
910 988 1120 1054 subvenisset.
1141 987 1310 1053 Praeterea
1334 1006 1404 1051 ver-

281 1106 359 1170 bum
383 1111 497 1177 τλῆναο,
521 1109 559 1168 ut
580 1105 697 1180 τολμᾶν
720 1109 752 1168 et
773 1100 924 1180 ὑπομένων
946 1121 1020 1166 oum
1043 1101 1130 1165 nudo
1153 1100 1317 1166 Infinitive
1340 1101 1405 1164 Ae·

280 1220 346 1283 tivo
369 1223 454 1283 recte
476 1218 631 1302 coniungi
654 1217 730 1299 scio,
753 1235 827 1280 oum
850 1216 1043 1280 Accusativo
1067 1219 1099 1279 et
1120 1214 1181 1278 Inf.
1206 1220 1291 1280 recte
1311 1215 1402 1298 iungi

280 1332 393 1415 ignoro
415 1335 447 1396 et
470 1329 589 1394 dubito.

325 1525 364 1589 V.
388 1528 439 1590 34.
472 1525 502 1597 ἒς
531 1522 701 1605 Λακέρειαν.
734 1524 808 1588 Non
838 1524 1005 1588 fortuitum
1028 1523 1163 1605 videtin,
1187 1521 1276 1606 quod
1297 1521 1406 1588 fabula

281 1640 342 1703 hoc
365 1638 517 1722 oppidum
539 1637 615 1703 feeit
637 1636 805 1702 Coronidis
828 1638 971 1721 patriam.
995 1634 1040 1698 cf.
1063 1631 1235 1714 λακέρνζ
1244 1657 1267 1698 α
1289 1633 1402 1714 κορώνη.

281 1751 395 1815 Pind
421 1751 471 1814 14.

329 1947 368 2012 V.
393 1948 443 2011 50.
467 1943 484 2019 ἢ
509 1945 635 2025 θερινῷ
657 1942 747 2026 πνρὶ
771 1941 932 2023 περθομὲνῳ
955 1941 1051 2020 δέμας
1073 1939 1091 2016 ἢ
1113 1945 1246 2022 χειμῶνι.

327 2058 400 2123 Non
417 2059 456 2122 de
473 2059 564 2122 ictu
582 2057 688 2122 solis
704 2058 931 2140 (sonnenstioh)
944 2056 1149 2140 cogitandum
1161 2076 1235 2120 cum
1247 2055 1403 2141 Mezgero,

283 2172 338 2236 sed
361 2172 400 2235 de
423 2172 552 2234 nimio
575 2171 716 2235 calore
734 2171 915 2253 aestivo,
934 2171 1076 2254 pariente
1093 2169 1205 2235 febres.
1224 2168 1339 2234 Pind
1355 2170 1406 2233 lb.

329 2366 369 2430 V.
394 2367 444 2429 52.
467 2365 557 2443 γυίοις
579 2363 787 2446 περοὶπτων
809 2362 950 2430 πάντοθεν
972 2362 1134 2446 φάρμακα.

327 2480 497 2564 Perperam
521 2479 649 2563 Merger
667 2480 892 2563 interpretatur
915 2479 954 2543 de
977 2479 1164 2563 emplastris.
1184 2477 1212 2541 Ε
1231 2477 1321 2544 verbi
1339 2500 1404 2544 usu

283 2597 413 2678 apparet
436 2592 475 2657 de
497 2592 700 2676 phylacteriis
723 2611 903 2656 sermonem
925 2609 1004 2673 esse,
1027 2610 1109 2675 quae
1128 2589 1291 2656 veteribus
1309 2590 1405 2656 (irae-

201 2697 204 2702 ’
282 2707 328 2770 cis
351 2709 532 2770 constanter
555 2704 692 2769 audiunt
716 2704 872 2785 περίαπτα

328 2903 369 2966 V.
393 2903 443 2965 56.
467 2899 545 2981 ἄνδρ’
569 2902 602 2967 ἐκ
624 2899 750 2966 θανάτου
772 2900 892 2979 mairac

472 3012 527 3088 ἤδη
550 3012 741 3079 ἁλωκότα.

330 3127 491 3211 „Forma”
515 3129 625 3193 scribit
646 3127 754 3193 Nabar
774 3147 844 3212 pag.
869 3128 909 3192 37
934 3129 1074 3212 (propter
1092 3127 1246 3193 abiectam
1266 3129 1404 3214 redupli-

285 3243 453 3325 cationem)
487 3247 518 3306 et
545 3261 601 3326 per
624 3258 658 3306 se
681 3241 738 3303 vix
762 3239 935 3304 tolerabilis
957 3245 1021 3321 est3
1047 3241 1161 3307 deinde
1182 3243 1306 3306 etiamsi
1328 3243 1405 3307 tole-

283 3373 401 3437 remus,
435 3373 501 3417 non
540 3352 746 3417 tolerabimus
779 3357 886 3416 tamen
920 3353 1055 3436 primam
1090 3354 1246 3435 syllabam
1280 3356 1403 3438 corripi.

283 3467 391 3532 Placet
418 3465 579 3528 ὀλωλότα”.
603 3464 678 3528 Non
700 3464 964 3530 Schmidtius
987 3465 1112 3549 aliquia,
1134 3472 1171 3530 ut
1194 3467 1304 3531 scribit
1326 3468 1404 3531 arni·

283 3599 349 3662 cus,
380 3579 437 3644 sed
472 3584 565 3642 vetus
595 3577 726 3642 Pindari
757 3578 859 3642 editor
887 3583 919 3642 et
941 3580 1089 3662 egregius
1112 3598 1169 3663 pro
1193 3599 1270 3645 suae
1292 3581 1403 3646 aetatis

284 3693 413 3758 modulo
444 3694 582 3775 criticus
606 3691 790 3774 schmid,
814 3691 1094 3776 reduplicationem
1119 3693 1218 3774 (codd.
1241 3692 1402 3775 ἑαλωκότα)

283 3806 403 3870 abiecit
436 3806 594 3889 Equidem
626 3826 691 3870 non
714 3806 816 3888 video,
840 3826 903 3889 quo
925 3811 1026 3890 pacto,
1045 3806 1166 3871 abiecta
1189 3809 1287 3873 semel
1310 3809 1404 3874 redu-

283 3920 460 4004 plicatione,
492 3922 595 4005 prima
629 3919 752 4002 syllaba
784 3919 919 4004 produci
952 3925 1056 4003 queat,
1087 3939 1212 4004 semper
1240 3923 1326 3985 enim
1357 3921 1403 3985 sic

284 4031 390 4114 habui,
419 4035 455 4096 in
484 4031 601 4098 ἑάλωκα
627 4034 769 4098 vocalem
792 4034 916 4117 corripi,
935 4033 971 4095 in
993 4029 1086 4095 ἑοίοων
1109 4034 1250 4117 produci,
1274 4040 1310 4098 ut
1331 4054 1402 4119 pro·

286 4145 414 4208 ducitur
436 4146 471 4208 in
492 4145 589 4225 ἑώρων,
613 4147 782 4230 corripitur
799 4147 833 4209 in
853 4145 957 4225 ἑόρακα
978 4145 1210 4229 similibusque.
1222 4145 1271 4210 De
1283 4146 1403 4211 abiecta

281 4257 531 4342 reduplicatione
555 4278 621 4322 non
643 4257 742 4322 habeo
768 4259 855 4341 quod
879 4241 991 4341 dicam,
1015 4259 1070 4322 sed
1097 4260 1219 4324 invitus
1242 4262 1402 4344 poeticum

282 4371 434 4434 ἑαλωκότα
457 4369 602 4452 abiciam,
626 4370 701 4434 licet
725 4389 788 4453 qno
812 4376 902 4454 pacto
926 4376 1018 4435 tuear
1039 4371 1402 4456 haud'reperiam.Nam

283 4483 518 4568 transponendo
542 4478 634 4556 Ἤδη
659 4482 689 4546 ’κ
711 4480 836 4546 θανάτου
856 4482 975 4560 κομίσαι
995 4483 1026 4569 fs
1043 4479 1140 4564 ἄνδρ’
1158 4483 1309 4549 ἑαλωκότα
1320 4487 1405 4551 iusto
