3626 5598
811 669 865 748 ee

263 860 365 945 habet,
386 868 539 934 dicendus
563 872 612 934 est
634 873 777 933 tenere
799 868 960 949 eleves,
984 887 1066 952 quae
1089 887 1154 931 non
1175 869 1278 952 magis
1297 887 1384 932 sum-

264 999 335 1045 mae
368 986 445 1044 sunt
479 1001 576 1064 quam
606 981 729 1045 mediae
759 986 815 1045 aut
836 981 975 1045 infimae.
1000 979 1062 1044 Sed
1084 981 1231 1064 intellege
1254 981 1384 1044 edmo-

264 1094 355 1158 dum
387 1094 569 1177 validas‚
602 1098 814 1177 potentes,
850 1099 888 1158 ut
921 1098 969 1158 est
1003 1114 1031 1157 v.
1063 1113 1089 1158 e.
1117 1093 1154 1155 fr.
1181 1093 1244 1156 169
1277 1092 1383 1172 ὑπερ-

264 1203 368 1288 τατρ
389 1204 471 1286 χειρί.

306 1401 345 1465 V.
370 1403 420 1465 29.
444 1399 506 1480 εἶμί
530 1400 556 1465 δ’
579 1400 711 1481 ἄσχολος
734 1399 879 1479 ἀναθέμεν
902 1402 1005 1464 πᾶσαν
1024 1398 1224 1480 μακραγορίαν
1243 1398 1382 1483 λύρρι-,

263 1512 306 1592 μὴ
330 1512 406 1594 κόρος
427 1515 514 1578 ἐλθὼν
536 1514 628 1594 κνίσρ.
652 1515 773 1580 Ultima
795 1514 892 1578 verbe
911 1513 955 1592 μὴ
975 1551 1018 1560 -
1036 1512 1117 1594 κνίσρ
1139 1521 1384 1598 suspensasunt

263 1629 462 1692 esententis
489 1629 614 1692 omissa.
637 1627 737 1692 Plena
760 1628 846 1691 enim
870 1626 1026 1691 sententia
1049 1626 1127 1689 haee
1147 1625 1229 1689 foret
1254 1627 1382 1707 „otium

262 1739 342 1802 mibi
369 1759 435 1802 non
460 1741 608 1824 suppetit,
629 1744 667 1803 ut
690 1740 812 1802 multus
836 1739 896 1802 sim
920 1739 955 1800 in
978 1736 1114 1819 singulis
1134 1755 1383 1802 commemoran-

263 1852 321 1933 dis,
355 1870 428 1915 nee
461 1853 497 1916 si
531 1855 789 1936 suppeteret,
819 1869 863 1914 eo
894 1849 1107 1932 abuterer,
1130 1849 1191 1914 ne’'
1215 1855 1285 1914 cett.
1309 1851 1383 1915 Alie

261 1969 441 2029 contractae
472 1965 623 2028 orationis
650 1964 734 2048 apud
757 1963 933 2028 Pindarum
957 1963 1103 2047 exempla
1125 1963 1204 2028 haee
1227 1969 1319 2028 sunt:
1346 1963 1381 2028 Ο.

260 2075 326 2140 VH
357 2076 408 2139 23.
438 2074 474 2140 Ρ.
504 2075 555 2140 IX
586 2076 636 2139 71.
667 2076 706 2140 N.
736 2075 819 2140 VIII
842 2077 893 2139 27.
915 2075 940 2139 Ι.
962 2074 1012 2138 VI
1036 2075 1076 2138 15
1089 2095 1135 2158 sq.
1158 2075 1282 2160 Fragm.
1308 2076 1381 2140 112.

260 2188 374 2253 PInd
400 2189 451 2252 20.

304 2384 343 2448 V.
368 2386 418 2448 57.
442 2385 606 2461 Ἀλκμᾶνα
638 2421 680 2432 -
711 2383 814 2460 γείτων
842 2380 884 2447 ὅτι
908 2406 957 2461 μα
979 2382 1029 2447 καὶ
1052 2380 1223 2447 κτεάνων
1245 2382 1381 2464 Φύλαξ

259 2497 369 2574 ἐμῶν.
404 2497 493 2561 Nihil
528 2497 616 2560 aliud
647 2498 723 2561 dicit
752 2503 853 2581 poeta,
877 2517 973 2580 quum
1003 2497 1132 2561 heroem
1155 2498 1224 2561 suis
1247 2498 1379 2563 aedibus

258 2611 403 2674 vicinum
432 2629 541 2674 rerum
571 2629 704 2673 suarum
733 2610 828 2673 saluti
849 2609 1025 2692 invigilare,
1047 2627 1108 2672 nec
1130 2609 1169 2673 de
1191 2614 1302 2691 poetae
1324 2630 1379 2694 pe-

259 2723 355 2786 cunie
382 2724 418 2785 in
447 2722 612 2786 Alcmenis
643 2722 758 2786 sacello
789 2722 930 2806 deposita
960 2721 1165 2804 cogitandum
1198 2740 1268 2786 esse
1290 2723 1378 2787 vide·

258 2840 319 2900 tur.
342 2834 473 2899 Ibidem.

303 3017 342 3081 V.
367 3018 418 3082 69.
441 3017 527 3098 σίμφ’
551 3015 716 3081 ἕκαστον
739 3014 794 3080 ὅσα
819 3014 927 3094 νέομαι.

303 3130 448 3215 Corrigoz
479 3130 564 3211 ἄμφ’
595 3127 700 3196 ἕκας’
731 3130 774 3192 ἐν
801 3131 831 3212 (i.
855 3121 890 3206 e.
904 3130 943 3211 ἐς)
966 3125 1021 3192 ὅσα
1044 3128 1156 3207 νέσμαν,
1179 3133 1199 3194 1.
1224 3151 1249 3196 e.
1274 3152 1376 3217 quae

257 3243 489 3328 aggredior.
512 3241 644 3307 Ibidem.
667 3241 711 3305 cf.
735 3242 775 3305 ad
797 3242 833 3305 P.
855 3242 903 3306 IV
927 3243 989 3306 127
1014 3248 1044 3307 et
1067 3243 1108 3306 ed
1130 3243 1154 3306 I.
1179 3242 1197 3306 Ι
1220 3244 1248 3307 1.

300 3425 339 3487 V.
364 3427 414 3488 74.
444 3425 638 3509 Impugnete
668 3425 806 3509 Mezgeri
835 3427 1018 3490 coniectura
1047 3425 1122 3506 πέρα
1143 3431 1252 3507 φρονῶν
1275 3430 1374 3512 (quod

257 3537 449 3622 significaret
466 3539 592 3602 nimis
613 3540 805 3622 sapiens),
821 3540 941 3603 conieci
960 3537 1243 3620 περισσόφρων,
1264 3560 1374 3626 egre-

254 3652 321 3734 gie
345 3652 512 3734 sapiens
535 3670 592 3734 pro
616 3650 696 3715 πεδ’
720 3648 905 3731 ἀφρόνων.
930 3651 1044 3716 Rind.
1069 3654 1110 3715 20
1124 3673 1169 3736 sq.

298 3837 337 3900 V.
363 3837 412 3900 76.
437 3835 580 3900 Conieci:
605 3834 717 3912 δαίμων
740 3834 771 3898 δὲ
793 3834 932 3915 παρίσχει
954 3833 1058 3900 ἄλλοτ’
1077 3833 1167 3900 ἄλλον
1180 3834 1279 3917 ὕπερθε
1291 3837 1371 3916 βαλ-

253 3946 455 4013 neutrum
479 3949 502 4012 θ’
526 3949 784 4032 ὑπὸχενρῶνρεο
808 3947 959 4013 ἄλλωνδ’.
984 3947 1371 4014 Modohuncmodo

254 4060 375 4124 illum
406 4061 517 4144 (adteri)
550 4079 732 4144 superne
760 4061 946 4125 iniciens
968 4065 1039 4124 aut
1061 4060 1256 4124 menibus
1280 4063 1371 4144 (eius)

256 4172 483 4237 subiciens.
506 4172 638 4236 Ibidem.
660 4173 722 4237 Ad.
746 4173 823 4238 Gen.
846 4175 947 4252 χειρῶν
971 4172 1015 4236 ef.
1031 4170 1107 4236 Hes.
1129 4170 1185 4234 Th.
1210 4171 1283 4235 717.

299 4355 337 4418 V.
362 4357 412 4420 78.
435 4353 530 4434 μέτρῳ
560 4352 776 4432 καταβανν’.
808 4356 1007 4441 Impuguatis
1030 4354 1256 4439 interpretandi
1277 4376 1372 4420 eona-

254 4469 351 4551 tibus,
374 4469 495 4562 conieci
516 4468 619 4532 καλαὶ
643 4465 763 4532 πάντ’·
788 4468 816 4532 ἕν
840 4469 986 4549 Μεγάρας
1010 4467 1070 4532 κτὲ.
1096 4467 1227 4532 Ibidem.
