3626 5598
964 690 1005 753 18

532 870 584 936 καί
607 871 663 944 τάς
686 870 855 944 εὐκτεάνους
879 871 960 936 κατά
982 879 1083 953 κλῆρον
1105 872 1222 937 Ἰαόνιον
1245 873 1438 954 πολυάνδρους

539 983 690 1048 Ἐλλάνων
712 983 848 1066 έκράτυνε
872 985 1083 1066 σφετέραις
1105 985 1205 1067 φρεσίν

424 1135 520 1218 (quod
553 1136 638 1200 enim
670 1137 755 1220 apud
777 1135 941 1201 Naberum
964 1137 1085 1220 legitur
1106 1136 1206 1215 χερσίν
1230 1156 1287 1221 pro
1308 1136 1419 1216 φρεσίν,
1441 1139 1544 1222 ipsius

421 1267 509 1311 error
543 1253 611 1330 est),
641 1249 698 1313 ubi
728 1251 856 1312 numeri
881 1247 1036 1328 σφετέραις
1059 1250 1266 1332 depravatum
1289 1269 1358 1314 esse
1379 1252 1542 1315 evincunt.

419 1357 572 1424 Nondum
598 1381 648 1424 me
667 1363 808 1446 poenitet
826 1364 1035 1444 coniecturae,
1054 1382 1151 1446 quam
1173 1363 1247 1425 olim
1260 1363 1387 1445 protuli,
1399 1363 1543 1443 Aeschy-

418 1472 487 1537 lum
511 1474 636 1538 dedisse
659 1478 805 1554 σοφαῖς
828 1474 937 1554 φρεσίν.
1393 1560 1396 1565 ι

462 1587 551 1651 Idem
587 1588 701 1652 deinde
734 1588 937 1672 reprehendit
971 1588 1171 1653 scholiastam
1203 1588 1243 1650 ad
1272 1587 1308 1652 P.
1335 1588 1413 1651 VIII
1437 1589 1478 1650 66
1491 1608 1538 1672 sq.

420 1705 644 1764 annotantem:
677 1701 708 1764 τὸ
741 1700 772 1764 δὲ
803 1701 922 1778 ὑμαῖς
952 1698 1019 1763 άντί
1048 1705 1100 1764 τοὺ
1131 1706 1223 1772 ταῖς
1246 1706 1356 1783 σαῖς,
1378 1699 1430 1764 καὶ
1452 1715 1540 1764 πλεο-

418 1809 497 1891 νάζει
526 1811 618 1892 τοὺτιρ
649 1810 663 1875 ὑ
695 1812 844 1892 Πίνδαρος.
868 1813 1027 1900 Equidem
1053 1812 1261 1876 Scholiastam
1286 1832 1345 1876 sua
1366 1815 1482 1895 vineta,
1506 1818 1543 1876 ut

418 1927 462 1989 ait
496 1925 611 2006 Naber,
646 1927 830 1990 caedentem
866 1927 944 1989 nihil
980 1945 1087 1989 moror
1121 1926 1218 2007 (addit
1249 1927 1334 1990 enim
1362 1907 1488 2002 τιμᾶται
1512 1924 1543 1988 δὲ

417 2035 531 2117 σφόδρα
554 2038 583 2102 ἕν
606 2036 711 2118 Αίγίνιρ
736 2036 895 2101 Ἀπόλλων
917 2039 969 2101 καί
996 2033 1173 2123 Ἄρτεμις),
1196 2039 1253 2102 sed
1276 2043 1382 2102 tamen
1402 2039 1440 2102 de
1454 2039 1541 2102 omni

417 2169 504 2232 sana,
532 2151 552 2212 i.
569 2170 595 2214 e.
618 2151 754 2236 simplici
777 2170 837 2215 neo
859 2150 1037 2233 artificiosa,
1061 2153 1320 2234 interpretatione
1341 2156 1446 2215 actum
1470 2169 1539 2215 esse

416 2264 583 2350 contende,
605 2265 668 2327 nisi
691 2263 784 2340 ὑμαῖς
807 2284 864 2349 pro
887 2270 953 2336 σαῖς
974 2265 1095 2328 dictum
1107 2265 1148 2327 sit
1160 2266 1193 2327 in
1207 2264 1286 2347 loeo,
1298 2265 1401 2347 qualis
1412 2264 1464 2326 hio
1475 2268 1538 2327 est:

527 2417 577 2476 νῦν
597 2413 635 2486 δ’,
660 2411 902 2489 ἑκαταβίλε,
927 2411 1063 2476 πάνδικον

528 2525 594 2588 ναὸν
617 2523 724 2588 εὐκλέα
743 2523 888 2601 διανέμων

527 2638 657 2710 Πυθῶνος
681 2638 711 2700 έν
732 2635 864 2714 γυάλοις,

523 2749 633 2828 τὸμὲν
657 2748 779 2827 μέγιςον
803 2747 861 2812 τίὺι
885 2747 1051 2829 χαρμάτων

525 2861 659 2935 ὑπασας,
684 2861 751 2927 οῖκοι
773 2862 804 2927 δὲ
826 2863 944 2943 πρὺσίεν
968 2861 1121 2942 άρπαλέαν
1144 2860 1221 2926 δίσιν

523 2975 709 3040 πενταείλίου
732 2975 784 3039 σὺν
807 2975 918 3056 ἑορταῖς
942 2974 1067 3053 ὑμαῖς
1090 2973 1255 3054 ἐπάγαγες,

524 3084 641 3164 ὑναξ,
664 3090 727 3154 κτέ.
1183 3093 1185 3098 ’

411 3241 598 3325 praesertim
630 3239 685 3302 ubi
718 3245 850 3322 constat,
873 3238 958 3322 quod
983 3258 1049 3302 non
1074 3242 1169 3321 negat
1191 3238 1260 3320 ipse
1281 3233 1396 3316 Naher,
1419 3233 1534 3297 PInda-

412 3378 484 3421 rum
509 3359 681 3442 quinquIes
702 3355 840 3436 σφέτερος
866 3375 1038 3440 usurpasse
1060 3375 1117 3439 pro
1141 3353 1205 3424 Fo‘r.
1227 3352 1289 3417 Sed
1309 3352 1410 3416 multo
1423 3352 1532 3414 minus

412 3473 513 3536 sentio
536 3473 601 3534 vim
626 3472 814 3554 argumenti,
839 3489 903 3552 quo
927 3471 1048 3533 amicus
1072 3469 1174 3532 utitur
1193 3467 1232 3530 ad
1251 3463 1531 3530 demonstrandum

410 3583 596 3667 Pindarum,
619 3589 784 3648 canentem
808 3582 844 3646 P.
868 3583 933 3646 Vll
959 3583 998 3645 17
1024 3587 1101 3645 νῖκαι
1125 3619 1166 3629 -
1186 3574 1207 3642 ὑ
1229 3577 1414 3656 Μεγάκλεες,
1436 3571 1533 3650 ὑμαί

410 3719 444 3759 τε
466 3695 517 3760 καί
540 3697 692 3776 προγόνων,
717 3717 780 3760 ηοω
806 3716 978 3780 usurpasse
1001 3694 1080 3771 ὑμαί
1099 3714 1156 3778 pro
1179 3693 1239 3766 σαί,
1265 3711 1346 3777 quae
1368 3708 1431 3752 non
1451 3684 1529 3747 Din-

410 3809 501 3873 dorfii
531 3815 657 3874 tantum
681 3816 712 3874 et
740 3809 834 3892 Leop.
859 3809 1036 3890 Schmidtii,
1060 3809 1116 3872 sed
1139 3809 1291 3886 omnium,
1315 3801 1399 3886 quod
1422 3797 1528 3875 seiam,

407 3924 618 4006 interpretum
648 3923 743 3986 hodie
774 3923 932 3986 sententie
954 3926 1010 3987 est.
1033 3920 1156 4004 Nempe
1178 3924 1318 4005 poeta,
1335 3911 1431 3977 verbe
1453 3910 1528 3972 sunt

407 4034 534 4118 Naberi,
569 4035 697 4100 slmul
731 4055 819 4099 oum
853 4034 1042 4120 Megaele
1076 4035 1201 4098 etiam
1231 4031 1409 4095 maiores
1440 4023 1528 4086 eius

408 4148 660 4233 alloquitur.
704 4147 789 4225 Quid
823 4168 944 4232 quaeso
981 4148 1020 4210 ad
1056 4147 1147 4211 rem?
1184 4145 1220 4209 Si
1253 4146 1345 4225 poeta
1378 4137 1525 4202 dixisset:

407 4268 480 4324 νῖκαι
515 4300 567 4344 -,
597 4255 618 4323 ὑ
651 4260 836 4338 Μεγάκλεες,
866 4260 916 4324 σαὶ
947 4283 979 4324 τε
1010 4258 1062 4323 καί
1088 4257 1200 4335 ὑμαί,
1227 4249 1393 4333 ὑπρίγονοι
1418 4255 1526 4322 Μεγα-

405 4372 516 4446 κλέους,
539 4394 574 4439 re
601 4395 678 4439 vera
699 4376 888 4458 pronomine
911 4372 993 4450 ὑμός,
1017 4378 1055 4436 ut
1077 4371 1175 4453 vulgo
1200 4366 1343 4447 ὑμέτερος,
1369 4363 1407 4425 de
1429 4359 1526 4443 pluri·

406 4488 469 4553 bus
499 4507 580 4552 usus
610 4493 702 4570 esset,
731 4506 819 4550 nune
851 4506 927 4550 vero
958 4484 1045 4550 haud
1078 4481 1175 4546 dubie
1200 4477 1366 4563 usurpavit
1388 4492 1444 4558 pro
1468 4467 1527 4542 τίς,
