<?xml version="1.0" encoding="UTF-8"?>
<!DOCTYPE html PUBLIC "-//W3C//DTD XHTML 1.0 Transitional//EN"
    "http://www.w3.org/TR/xhtml1/DTD/xhtml1-transitional.dtd">
<html xmlns="http://www.w3.org/1999/xhtml" xml:lang="en" lang="en">
 <head>
  <title>
</title>
<meta http-equiv="Content-Type" content="text/html;charset=utf-8" />
  <meta name='ocr-system' content='tesseract 3.04.00' />
  <meta name='ocr-capabilities' content='ocr_page ocr_carea ocr_par ocr_line ocrx_word'/>
</head>
<body>
  <div class='ocr_page' id='page_1' title='image "./studiacriticaet00herwgoog_0052.png"; bbox 0 0 3626 5598; ppageno 0'>
   <div class='ocr_carea' id='block_1_1' title="bbox 821 675 866 736">
    <p class='ocr_par' dir='ltr' id='par_1_1' title="bbox 821 675 866 736">
     <span class='ocr_line' id='line_1_1' title="bbox 821 675 866 736; baseline 0 0"><span class='ocrx_word' id='word_1_1' title='bbox 821 675 866 736; x_wconf 85' lang='lat'>45</span> 
     </span>
    </p>
   </div>
   <div class='ocr_carea' id='block_1_2' title="bbox 275 853 1407 1166">
    <p class='ocr_par' dir='ltr' id='par_1_2' title="bbox 275 853 1407 1166">
     <span class='ocr_line' id='line_1_2' title="bbox 285 853 1407 941; baseline -0.004 -16"><span class='ocrx_word' id='word_1_2' title='bbox 285 862 324 925; x_wconf 88' lang='lat' dir='ltr'>In</span> <span class='ocrx_word' id='word_1_3' title='bbox 354 862 501 926; x_wconf 79' lang='lat' dir='ltr'>versione</span> <span class='ocrx_word' id='word_1_4' title='bbox 530 879 601 924; x_wconf 87' lang='lat' dir='ltr'>mea</span> <span class='ocrx_word' id='word_1_5' title='bbox 623 860 738 923; x_wconf 77' lang='lat' dir='ltr'>admisi</span> <span class='ocrx_word' id='word_1_6' title='bbox 760 857 922 941; x_wconf 84' lang='lat' dir='ltr'>Hartuugi</span> <span class='ocrx_word' id='word_1_7' title='bbox 944 858 1171 921; x_wconf 78' lang='lat' dir='ltr'>correctionem</span> <span class='ocrx_word' id='word_1_8' title='bbox 1194 853 1327 934; x_wconf 73' lang='grc' dir='ltr'><strong><em>μένοις</em></strong></span> <span class='ocrx_word' id='word_1_9' title='bbox 1348 876 1407 940; x_wconf 89' lang='lat' dir='ltr'>pro</span> 
     </span>
     <span class='ocr_line' id='line_1_3' title="bbox 285 967 1407 1052; baseline -0.004 -17"><span class='ocrx_word' id='word_1_10' title='bbox 285 996 319 1036; x_wconf 81' lang='grc' dir='ltr'><strong><em>σε</em></strong></span> <span class='ocrx_word' id='word_1_11' title='bbox 351 969 418 1052; x_wconf 56' lang='lat' dir='ltr'>yar.</span> <span class='ocrx_word' id='word_1_12' title='bbox 456 1009 498 1018; x_wconf 93' lang='lat'><em>-</em></span> <span class='ocrx_word' id='word_1_13' title='bbox 532 969 667 1051; x_wconf 84' lang='grc' dir='ltr'><strong><em>ἀφυντον</em></strong></span> <span class='ocrx_word' id='word_1_14' title='bbox 700 967 811 1050; x_wconf 82' lang='grc' dir='ltr'><strong><em>βρέμει.</em></strong></span> <span class='ocrx_word' id='word_1_15' title='bbox 842 968 964 1032; x_wconf 84' lang='lat' dir='ltr'>Eorum</span> <span class='ocrx_word' id='word_1_16' title='bbox 994 987 1076 1051; x_wconf 86' lang='lat' dir='ltr'>quae</span> <span class='ocrx_word' id='word_1_17' title='bbox 1105 967 1220 1030; x_wconf 89' lang='lat' dir='ltr'>humili</span> <span class='ocrx_word' id='word_1_18' title='bbox 1247 967 1317 1031; x_wconf 91' lang='lat' dir='ltr'>looo</span> <span class='ocrx_word' id='word_1_19' title='bbox 1340 969 1407 1031; x_wconf 86' lang='lat' dir='ltr'>nati</span> 
     </span>
     <span class='ocr_line' id='line_1_4' title="bbox 275 1077 1406 1166; baseline -0.005 -18"><span class='ocrx_word' id='word_1_20' title='bbox 275 1084 417 1166; x_wconf 76' lang='lat' dir='ltr'>iaciunt,</span> <span class='ocrx_word' id='word_1_21' title='bbox 438 1102 549 1147; x_wconf 92' lang='lat' dir='ltr'>rumor</span> <span class='ocrx_word' id='word_1_22' title='bbox 577 1102 643 1146; x_wconf 90' lang='lat' dir='ltr'>non</span> <span class='ocrx_word' id='word_1_23' title='bbox 666 1081 753 1146; x_wconf 86' lang='lat' dir='ltr'>veuit</span> <span class='ocrx_word' id='word_1_24' title='bbox 775 1081 816 1144; x_wconf 91' lang='lat' dir='ltr'>ad</span> <span class='ocrx_word' id='word_1_25' title='bbox 837 1081 1005 1145; x_wconf 89' lang='lat' dir='ltr'>hominum</span> <span class='ocrx_word' id='word_1_26' title='bbox 1027 1097 1130 1144; x_wconf 83' lang='lat' dir='ltr'>aurea.</span> <span class='ocrx_word' id='word_1_27' title='bbox 1154 1077 1269 1142; x_wconf 90' lang='lat' dir='ltr'>Pind</span> <span class='ocrx_word' id='word_1_28' title='bbox 1294 1079 1337 1143; x_wconf 85' lang='lat'>23</span> <span class='ocrx_word' id='word_1_29' title='bbox 1359 1099 1406 1164; x_wconf 84' lang='lat' dir='ltr'>sq.</span> 
     </span>
    </p>
   </div>
   <div class='ocr_carea' id='block_1_3' title="bbox 285 1309 1407 1716">
    <p class='ocr_par' dir='ltr' id='par_1_3' title="bbox 330 1309 1036 1394">
     <span class='ocr_line' id='line_1_5' title="bbox 330 1309 1036 1394; baseline -0.004 -17"><span class='ocrx_word' id='word_1_30' title='bbox 330 1315 370 1378; x_wconf 85' lang='lat' dir='ltr'>V.</span> <span class='ocrx_word' id='word_1_31' title='bbox 395 1316 445 1379; x_wconf 89' lang='lat'>34.</span> <span class='ocrx_word' id='word_1_32' title='bbox 469 1313 573 1394; x_wconf 75' lang='grc' dir='ltr'><strong><em>Τρύυν</em></strong></span> <span class='ocrx_word' id='word_1_33' title='bbox 595 1311 710 1377; x_wconf 86' lang='grc' dir='ltr'><strong><em>έλυσε</em></strong></span> <span class='ocrx_word' id='word_1_34' title='bbox 732 1309 838 1389; x_wconf 71' lang='grc' dir='ltr'><strong><em>δόμους</em></strong></span> <span class='ocrx_word' id='word_1_35' title='bbox 860 1309 1036 1390; x_wconf 80' lang='grc' dir='ltr'><strong><em>ἀβρύσοντος.</em></strong></span> 
     </span>
    </p>

    <p class='ocr_par' dir='ltr' id='par_1_4' title="bbox 285 1417 1407 1716">
     <span class='ocr_line' id='line_1_6' title="bbox 331 1417 1407 1508; baseline -0.006 -16"><span class='ocrx_word' id='word_1_36' title='bbox 331 1426 439 1492; x_wconf 80' lang='lat' dir='ltr'>Oratio</span> <span class='ocrx_word' id='word_1_37' title='bbox 458 1446 524 1491; x_wconf 91' lang='lat' dir='ltr'>non</span> <span class='ocrx_word' id='word_1_38' title='bbox 547 1426 673 1490; x_wconf 77' lang='lat' dir='ltr'>Graeca.</span> <span class='ocrx_word' id='word_1_39' title='bbox 698 1424 837 1489; x_wconf 88' lang='lat' dir='ltr'><strong>Omnino</strong></span> <span class='ocrx_word' id='word_1_40' title='bbox 859 1423 1031 1508; x_wconf 86' lang='lat' dir='ltr'>legendum</span> <span class='ocrx_word' id='word_1_41' title='bbox 1053 1417 1210 1486; x_wconf 87' lang='grc' dir='ltr'><strong><em>έπιιυσε.</em></strong></span> <span class='ocrx_word' id='word_1_42' title='bbox 1234 1422 1287 1486; x_wconf 80' lang='lat' dir='ltr'>Ex</span> <span class='ocrx_word' id='word_1_43' title='bbox 1306 1424 1407 1488; x_wconf 80' lang='lat' dir='ltr'>veteri</span> 
     </span>
     <span class='ocr_line' id='line_1_7' title="bbox 285 1535 1405 1605; baseline -0.003 -2"><span class='ocrx_word' id='word_1_44' title='bbox 285 1540 420 1605; x_wconf 84' lang='lat' dir='ltr'>lectione</span> <span class='ocrx_word' id='word_1_45' title='bbox 450 1545 618 1602; x_wconf 85' lang='grc' dir='ltr'><strong>ΕΠΑΤΣΕ</strong></span> <span class='ocrx_word' id='word_1_46' title='bbox 641 1538 759 1603; x_wconf 85' lang='lat' dir='ltr'>factum</span> <span class='ocrx_word' id='word_1_47' title='bbox 785 1541 852 1602; x_wconf 89' lang='lat' dir='ltr'>erat</span> <span class='ocrx_word' id='word_1_48' title='bbox 873 1541 1043 1599; x_wconf 73' lang='grc' dir='ltr'><strong>ΕΠΛΎΣΕ</strong></span> <span class='ocrx_word' id='word_1_49' title='bbox 1066 1540 1099 1600; x_wconf 90' lang='lat' dir='ltr'>et</span> <span class='ocrx_word' id='word_1_50' title='bbox 1120 1535 1203 1600; x_wconf 86' lang='lat' dir='ltr'>male</span> <span class='ocrx_word' id='word_1_51' title='bbox 1226 1542 1405 1601; x_wconf 84' lang='lat' dir='ltr'>correctum</span> 
     </span>
     <span class='ocr_line' id='line_1_8' title="bbox 285 1645 1181 1716; baseline -0.006 -1"><span class='ocrx_word' id='word_1_52' title='bbox 285 1659 433 1715; x_wconf 79' lang='grc' dir='ltr'><strong><em>ΕΛΤΣΕ.</em></strong></span> <span class='ocrx_word' id='word_1_53' title='bbox 454 1651 527 1715; x_wconf 91' lang='lat' dir='ltr'>Nou</span> <span class='ocrx_word' id='word_1_54' title='bbox 552 1650 651 1716; x_wconf 87' lang='lat' dir='ltr'>semel</span> <span class='ocrx_word' id='word_1_55' title='bbox 673 1649 807 1714; x_wconf 82' lang='lat' dir='ltr'>confusa</span> <span class='ocrx_word' id='word_1_56' title='bbox 828 1649 896 1713; x_wconf 83' lang='lat' dir='ltr'>vidi</span> <span class='ocrx_word' id='word_1_57' title='bbox 917 1646 995 1712; x_wconf 80' lang='grc' dir='ltr'><strong><em>λύειν</em></strong></span> <span class='ocrx_word' id='word_1_58' title='bbox 1018 1652 1050 1713; x_wconf 83' lang='lat' dir='ltr'>et</span> <span class='ocrx_word' id='word_1_59' title='bbox 1071 1645 1181 1711; x_wconf 92' lang='grc' dir='ltr'><strong><em>πιιύειν.</em></strong></span> 
     </span>
    </p>
   </div>
   <div class='ocr_carea' id='block_1_4' title="bbox 284 1865 1407 2181">
    <p class='ocr_par' dir='ltr' id='par_1_5' title="bbox 284 1865 1407 2181">
     <span class='ocr_line' id='line_1_9' title="bbox 329 1865 1407 1953; baseline 0 -19"><span class='ocrx_word' id='word_1_60' title='bbox 329 1872 370 1936; x_wconf 85' lang='lat' dir='ltr'>V.</span> <span class='ocrx_word' id='word_1_61' title='bbox 393 1873 444 1936; x_wconf 90' lang='grc'>49.</span> <span class='ocrx_word' id='word_1_62' title='bbox 476 1871 589 1949; x_wconf 71' lang='grc' dir='ltr'><strong><em>γυμνὸν</em></strong></span> <span class='ocrx_word' id='word_1_63' title='bbox 620 1908 662 1917; x_wconf 93' lang='lat'>-</span> <span class='ocrx_word' id='word_1_64' title='bbox 693 1868 799 1937; x_wconf 69' lang='grc' dir='ltr'><strong><em>ςάδιον.</em></strong></span> <span class='ocrx_word' id='word_1_65' title='bbox 825 1868 1005 1953; x_wconf 88' lang='lat' dir='ltr'>Opponitur</span> <span class='ocrx_word' id='word_1_66' title='bbox 1026 1865 1129 1949; x_wconf 71' lang='grc' dir='ltr'><strong><em>δρόμος</em></strong></span> <span class='ocrx_word' id='word_1_67' title='bbox 1151 1868 1282 1942; x_wconf 76' lang='grc' dir='ltr'><strong><em>ἀπλύτοις.</em></strong></span> <span class='ocrx_word' id='word_1_68' title='bbox 1314 1868 1407 1934; x_wconf 72' lang='lat' dir='ltr'>oti</span> 
     </span>
     <span class='ocr_line' id='line_1_10' title="bbox 284 1981 1404 2068; baseline -0.002 -20"><span class='ocrx_word' id='word_1_69' title='bbox 284 1984 302 2048; x_wconf 97' lang='lat' dir='ltr'>I</span> <span class='ocrx_word' id='word_1_70' title='bbox 325 1985 366 2047; x_wconf 87' lang='grc'>22</span> <span class='ocrx_word' id='word_1_71' title='bbox 391 1983 506 2048; x_wconf 84' lang='lat' dir='ltr'>llonoo</span> <span class='ocrx_word' id='word_1_72' title='bbox 528 1988 656 2068; x_wconf 85' lang='lat' dir='ltr'>propter</span> <span class='ocrx_word' id='word_1_73' title='bbox 676 1981 870 2067; x_wconf 81' lang='lat' dir='ltr'>Moagerum,</span> <span class='ocrx_word' id='word_1_74' title='bbox 893 1983 950 2066; x_wconf 91' lang='lat' dir='ltr'>qui</span> <span class='ocrx_word' id='word_1_75' title='bbox 972 2002 1042 2066; x_wconf 86' lang='lat' dir='ltr'>pag.</span> <span class='ocrx_word' id='word_1_76' title='bbox 1066 1982 1129 2045; x_wconf 82' lang='grc'>267</span> <span class='ocrx_word' id='word_1_77' title='bbox 1151 1981 1267 2046; x_wconf 75' lang='grc' dir='ltr'><strong><em>δύοουλον</em></strong></span> <span class='ocrx_word' id='word_1_78' title='bbox 1287 1983 1404 2067; x_wconf 89' lang='lat' dir='ltr'>opponi</span> 
     </span>
     <span class='ocr_line' id='line_1_11' title="bbox 285 2098 1069 2181; baseline -0.001 -21"><span class='ocrx_word' id='word_1_79' title='bbox 285 2098 418 2181; x_wconf 85' lang='lat' dir='ltr'>putavit</span> <span class='ocrx_word' id='word_1_80' title='bbox 1066 2127 1069 2134; x_wconf 94' lang='lat'>·</span> 
     </span>
    </p>
   </div>
   <div class='ocr_carea' id='block_1_5' title="bbox 287 2311 1405 3278">
    <p class='ocr_par' dir='ltr' id='par_1_6' title="bbox 287 2311 1405 3278">
     <span class='ocr_line' id='line_1_12' title="bbox 330 2311 1405 2399; baseline -0.001 -20"><span class='ocrx_word' id='word_1_81' title='bbox 330 2314 422 2380; x_wconf 88' lang='lat' dir='ltr'>Nem.</span> <span class='ocrx_word' id='word_1_82' title='bbox 455 2315 473 2378; x_wconf 95' lang='lat' dir='ltr'>I</span> <span class='ocrx_word' id='word_1_83' title='bbox 504 2315 547 2378; x_wconf 89' lang='grc'>46</span> <span class='ocrx_word' id='word_1_84' title='bbox 581 2316 621 2380; x_wconf 91' lang='lat' dir='ltr'>de</span> <span class='ocrx_word' id='word_1_85' title='bbox 653 2314 815 2399; x_wconf 73' lang='lat' dir='ltr'><strong>anguibus</strong></span> <span class='ocrx_word' id='word_1_86' title='bbox 838 2313 1044 2397; x_wconf 85' lang='lat' dir='ltr'>strangulatis</span> <span class='ocrx_word' id='word_1_87' title='bbox 1066 2311 1106 2376; x_wconf 91' lang='lat' dir='ltr'>ab</span> <span class='ocrx_word' id='word_1_88' title='bbox 1128 2311 1268 2378; x_wconf 80' lang='lat' dir='ltr'>Hercule</span> <span class='ocrx_word' id='word_1_89' title='bbox 1289 2313 1405 2380; x_wconf 76' lang='lat' dir='ltr'>infanti</span> 
     </span>
     <span class='ocr_line' id='line_1_13' title="bbox 288 2428 423 2492; baseline -0.015 0"><span class='ocrx_word' id='word_1_90' title='bbox 288 2428 423 2492; x_wconf 83' lang='lat' dir='ltr'>dieitur:</span> 
     </span>
     <span class='ocr_line' id='line_1_14' title="bbox 475 2536 873 2618; baseline -0.005 -15"><span class='ocrx_word' id='word_1_91' title='bbox 475 2537 656 2618; x_wconf 73' lang='grc' dir='ltr'>ἀγχομένοις</span> <span class='ocrx_word' id='word_1_92' title='bbox 680 2538 712 2603; x_wconf 79' lang='grc' dir='ltr'>δὲ</span> <span class='ocrx_word' id='word_1_93' title='bbox 735 2536 873 2618; x_wconf 79' lang='grc' dir='ltr'><strong><em>χρόνος</em></strong></span> 
     </span>
     <span class='ocr_line' id='line_1_15' title="bbox 474 2646 1082 2731; baseline -0.002 -18"><span class='ocrx_word' id='word_1_94' title='bbox 474 2650 583 2731; x_wconf 77' lang='grc' dir='ltr'><strong><em>ψυχάς</em></strong></span> <span class='ocrx_word' id='word_1_95' title='bbox 606 2649 788 2715; x_wconf 72' lang='grc' dir='ltr'><strong><em>ἀπέπνευσεν</em></strong></span> <span class='ocrx_word' id='word_1_96' title='bbox 811 2647 922 2726; x_wconf 79' lang='grc' dir='ltr'><strong><em>μελέων</em></strong></span> <span class='ocrx_word' id='word_1_97' title='bbox 944 2646 1082 2730; x_wconf 79' lang='grc' dir='ltr'><strong><em>ἀφάτυν.</em></strong></span> 
     </span>
     <span class='ocr_line' id='line_1_16' title="bbox 330 2760 1338 2848; baseline -0.002 -18"><span class='ocrx_word' id='word_1_98' title='bbox 330 2765 449 2830; x_wconf 80' lang='lat' dir='ltr'>Collato</span> <span class='ocrx_word' id='word_1_99' title='bbox 471 2763 631 2847; x_wconf 87' lang='lat' dir='ltr'>Hesychis</span> <span class='ocrx_word' id='word_1_100' title='bbox 651 2784 728 2848; x_wconf 85' lang='lat' dir='ltr'><strong>s.v.‚</strong></span> <span class='ocrx_word' id='word_1_101' title='bbox 752 2766 810 2848; x_wconf 92' lang='lat' dir='ltr'>qui</span> <span class='ocrx_word' id='word_1_102' title='bbox 831 2765 1059 2848; x_wconf 86' lang='lat' dir='ltr'>interpretatur</span> <span class='ocrx_word' id='word_1_103' title='bbox 1081 2760 1172 2840; x_wconf 64' lang='lat' dir='ltr'>odrae,</span> <span class='ocrx_word' id='word_1_104' title='bbox 1196 2766 1338 2828; x_wconf 81' lang='lat' dir='ltr'>correxi:</span> 
     </span>
     <span class='ocr_line' id='line_1_17' title="bbox 474 2872 856 2956; baseline -0.003 -17"><span class='ocrx_word' id='word_1_105' title='bbox 474 2874 654 2956; x_wconf 68' lang='grc' dir='ltr'><strong><em>ἀγχομένοις</em></strong></span> <span class='ocrx_word' id='word_1_106' title='bbox 677 2875 709 2940; x_wconf 78' lang='grc' dir='ltr'>δὲ</span> <span class='ocrx_word' id='word_1_107' title='bbox 731 2872 856 2954; x_wconf 76' lang='grc' dir='ltr'><strong><em>χάνος</em></strong></span> 
     </span>
     <span class='ocr_line' id='line_1_18' title="bbox 472 2986 1070 3073; baseline -0.002 -23"><span class='ocrx_word' id='word_1_108' title='bbox 472 2986 580 3066; x_wconf 76' lang='grc' dir='ltr'><strong><em>ψυχάς</em></strong></span> <span class='ocrx_word' id='word_1_109' title='bbox 606 2986 777 3073; x_wconf 69' lang='grc' dir='ltr'>(ψυχάνῖ)</span> <span class='ocrx_word' id='word_1_110' title='bbox 804 2986 987 3052; x_wconf 80' lang='grc' dir='ltr'><strong><em>ἀπέπνευσεν</em></strong></span> <span class='ocrx_word' id='word_1_111' title='bbox 1009 2987 1070 3050; x_wconf 83' lang='grc' dir='ltr'><strong><em>κσέ.</em></strong></span> 
     </span>
     <span class='ocr_line' id='line_1_19' title="bbox 330 3098 1403 3183; baseline -0.001 -18"><span class='ocrx_word' id='word_1_112' title='bbox 330 3100 444 3165; x_wconf 82' lang='lat' dir='ltr'>Pind.</span> <span class='ocrx_word' id='word_1_113' title='bbox 476 3101 519 3163; x_wconf 80' lang='grc'>24</span> <span class='ocrx_word' id='word_1_114' title='bbox 553 3120 599 3183; x_wconf 88' lang='lat' dir='ltr'>sq.</span> <span class='ocrx_word' id='word_1_115' title='bbox 634 3099 786 3164; x_wconf 82' lang='lat' dir='ltr'>Similiter</span> <span class='ocrx_word' id='word_1_116' title='bbox 807 3099 954 3178; x_wconf 76' lang='grc' dir='ltr'><strong><em>χάσμιο</em></strong></span> <span class='ocrx_word' id='word_1_117' title='bbox 977 3098 1145 3163; x_wconf 85' lang='lat' dir='ltr'>beluarum</span> <span class='ocrx_word' id='word_1_118' title='bbox 1166 3099 1266 3164; x_wconf 78' lang='lat' dir='ltr'>rietus</span> <span class='ocrx_word' id='word_1_119' title='bbox 1290 3099 1403 3164; x_wconf 86' lang='lat' dir='ltr'>audire</span> 
     </span>
     <span class='ocr_line' id='line_1_20' title="bbox 287 3213 1051 3278; baseline -0.001 0"><span class='ocrx_word' id='word_1_120' title='bbox 287 3213 375 3278; x_wconf 84' lang='lat' dir='ltr'>solet</span> <span class='ocrx_word' id='word_1_121' title='bbox 1049 3217 1051 3222; x_wconf 85' lang='lat'>&#39;</span> 
     </span>
    </p>
   </div>
   <div class='ocr_carea' id='block_1_6' title="bbox 285 3432 1410 4528">
    <p class='ocr_par' dir='ltr' id='par_1_7' title="bbox 286 3432 1406 3737">
     <span class='ocr_line' id='line_1_21' title="bbox 331 3432 446 3496; baseline -0.009 -1"><span class='ocrx_word' id='word_1_122' title='bbox 331 3432 371 3496; x_wconf 85' lang='lat' dir='ltr'>V.</span> <span class='ocrx_word' id='word_1_123' title='bbox 396 3433 446 3496; x_wconf 83' lang='lat'>35.</span> 
     </span>
     <span class='ocr_line' id='line_1_22' title="bbox 286 3523 1406 3623; baseline 0.002 -15"><span class='ocrx_word' id='word_1_124' title='bbox 286 3541 350 3608; x_wconf 74' lang='grc' dir='ltr'><strong><em>ἐπεὶ</em></strong></span> <span class='ocrx_word' id='word_1_125' title='bbox 374 3541 560 3623; x_wconf 77' lang='grc' dir='ltr'><strong><em>σπλάγχνων</em></strong></span> <span class='ocrx_word' id='word_1_126' title='bbox 575 3523 637 3606; x_wconf 20' lang='grc' dir='ltr'><strong><em>Δύπο</em></strong></span> <span class='ocrx_word' id='word_1_127' title='bbox 656 3523 781 3622; x_wconf 81' lang='grc' dir='ltr'><strong><em>μοοσέρος</em></strong></span> <span class='ocrx_word' id='word_1_128' title='bbox 801 3541 911 3606; x_wconf 84' lang='grc' dir='ltr'><strong><em>οούπίκοο</em></strong></span> <span class='ocrx_word' id='word_1_129' title='bbox 932 3541 1059 3616; x_wconf 81' lang='grc' dir='ltr'><strong><em>ύοοιιπάΝ</em></strong></span> <span class='ocrx_word' id='word_1_130' title='bbox 1078 3543 1108 3615; x_wconf 86' lang='grc' dir='ltr'>ές</span> <span class='ocrx_word' id='word_1_131' title='bbox 1127 3541 1239 3622; x_wconf 71' lang='lat' dir='ltr'>alym</span> <span class='ocrx_word' id='word_1_132' title='bbox 1250 3551 1323 3618; x_wconf 79' lang='grc' dir='ltr'><strong><em>ποοῖς</em></strong></span> <span class='ocrx_word' id='word_1_133' title='bbox 1337 3543 1406 3619; x_wconf 85' lang='grc' dir='ltr'><strong><em>Διύς</em></strong></span> 
     </span>
     <span class='ocr_line' id='line_1_23' title="bbox 288 3652 1040 3737; baseline 0.001 -17"><span class='ocrx_word' id='word_1_134' title='bbox 288 3656 376 3720; x_wconf 74' lang='grc' dir='ltr'><strong><em>ἀδῖνοο</em></strong></span> <span class='ocrx_word' id='word_1_135' title='bbox 398 3654 517 3737; x_wconf 75' lang='grc' dir='ltr'><strong><em>Φεύγιον</em></strong></span> <span class='ocrx_word' id='word_1_136' title='bbox 539 3654 649 3736; x_wconf 75' lang='grc' dir='ltr'><strong><em>διδύμῳ</em></strong></span> <span class='ocrx_word' id='word_1_137' title='bbox 673 3653 725 3718; x_wconf 84' lang='grc' dir='ltr'>σὺν</span> <span class='ocrx_word' id='word_1_138' title='bbox 748 3653 916 3735; x_wconf 74' lang='grc' dir='ltr'><strong><em>κοισιννύπῳ</em></strong></span> <span class='ocrx_word' id='word_1_139' title='bbox 941 3652 1040 3732; x_wconf 80' lang='grc' dir='ltr'><strong><em>μέλει.</em></strong></span> 
     </span>
    </p>

    <p class='ocr_par' dir='ltr' id='par_1_8' title="bbox 285 3768 1410 4528">
     <span class='ocr_line' id='line_1_24' title="bbox 332 3768 1404 3854; baseline 0 -18"><span class='ocrx_word' id='word_1_140' title='bbox 332 3769 411 3847; x_wconf 84' lang='lat' dir='ltr'>Quis</span> <span class='ocrx_word' id='word_1_141' title='bbox 434 3790 553 3854; x_wconf 85' lang='lat' dir='ltr'>quaeso</span> <span class='ocrx_word' id='word_1_142' title='bbox 575 3789 640 3834; x_wconf 90' lang='lat' dir='ltr'>non</span> <span class='ocrx_word' id='word_1_143' title='bbox 664 3770 766 3834; x_wconf 89' lang='lat' dir='ltr'>multo</span> <span class='ocrx_word' id='word_1_144' title='bbox 788 3771 895 3854; x_wconf 89' lang='lat' dir='ltr'>potius</span> <span class='ocrx_word' id='word_1_145' title='bbox 918 3773 1064 3853; x_wconf 80' lang='lat' dir='ltr'>expectet</span> <span class='ocrx_word' id='word_1_146' title='bbox 1079 3768 1204 3850; x_wconf 81' lang='grc' dir='ltr'><strong><em>μοοσέρος</em></strong></span> <span class='ocrx_word' id='word_1_147' title='bbox 1217 3808 1259 3818; x_wconf 93' lang='grc'><strong>-</strong></span> <span class='ocrx_word' id='word_1_148' title='bbox 1272 3772 1404 3847; x_wconf 80' lang='grc' dir='ltr'><strong><em>ύιινσάΣ,</em></strong></span> 
     </span>
     <span class='ocr_line' id='line_1_25' title="bbox 287 3881 1405 3965; baseline 0.001 -18"><span class='ocrx_word' id='word_1_149' title='bbox 287 3883 564 3948; x_wconf 74' lang='lat' dir='ltr'>admirabili</span> <span class='ocrx_word' id='word_1_150' title='bbox 591 3882 737 3946; x_wconf 85' lang='lat' dir='ltr'>forma</span> <span class='ocrx_word' id='word_1_151' title='bbox 768 3883 955 3964; x_wconf 80' lang='lat' dir='ltr'>matris,</span> <span class='ocrx_word' id='word_1_152' title='bbox 977 3901 1074 3965; x_wconf 92' lang='lat' dir='ltr'>quam</span> <span class='ocrx_word' id='word_1_153' title='bbox 1098 3881 1209 3956; x_wconf 82' lang='grc' dir='ltr'><strong><em>ύιονπάν</em></strong></span> <span class='ocrx_word' id='word_1_154' title='bbox 1232 3884 1262 3956; x_wconf 89' lang='grc' dir='ltr'>ές</span> <span class='ocrx_word' id='word_1_155' title='bbox 1284 3881 1405 3962; x_wconf 66' lang='lat' dir='ltr'>olyran,</span> 
     </span>
     <span class='ocr_line' id='line_1_26' title="bbox 288 3981 1410 4078; baseline 0.004 -21"><span class='ocrx_word' id='word_1_156' title='bbox 288 4013 363 4058; x_wconf 90' lang='lat' dir='ltr'>oum</span> <span class='ocrx_word' id='word_1_157' title='bbox 386 3996 472 4060; x_wconf 90' lang='lat' dir='ltr'>nude</span> <span class='ocrx_word' id='word_1_158' title='bbox 494 3997 558 4059; x_wconf 89' lang='lat' dir='ltr'>diei</span> <span class='ocrx_word' id='word_1_159' title='bbox 577 3995 674 4059; x_wconf 81' lang='lat' dir='ltr'>soleat</span> <span class='ocrx_word' id='word_1_160' title='bbox 693 3993 723 4065; x_wconf 85' lang='grc' dir='ltr'>ές</span> <span class='ocrx_word' id='word_1_161' title='bbox 742 3997 807 4074; x_wconf 82' lang='grc' dir='ltr'>φῶς</span> <span class='ocrx_word' id='word_1_162' title='bbox 826 3994 942 4059; x_wconf 67' lang='lat' dir='ltr'>latria?</span> <span class='ocrx_word' id='word_1_163' title='bbox 955 3992 1055 4078; x_wconf 83' lang='lat' dir='ltr'>Saepe</span> <span class='ocrx_word' id='word_1_164' title='bbox 1066 4000 1173 4060; x_wconf 85' lang='lat' dir='ltr'>autem</span> <span class='ocrx_word' id='word_1_165' title='bbox 1185 3994 1289 4068; x_wconf 79' lang='grc' dir='ltr'><strong><em>ἀμνούς</em></strong></span> <span class='ocrx_word' id='word_1_166' title='bbox 1300 3981 1410 4062; x_wconf 81' lang='lat' dir='ltr'>nostor</span> 
     </span>
     <span class='ocr_line' id='line_1_27' title="bbox 287 4106 1409 4191; baseline 0.003 -21"><span class='ocrx_word' id='word_1_167' title='bbox 287 4109 455 4190; x_wconf 85' lang='lat' dir='ltr'>usurpavit</span> <span class='ocrx_word' id='word_1_168' title='bbox 489 4109 527 4172; x_wconf 90' lang='lat' dir='ltr'>de</span> <span class='ocrx_word' id='word_1_169' title='bbox 563 4106 759 4191; x_wconf 81' lang='lat' dir='ltr'>pulchra</span> <span class='ocrx_word' id='word_1_170' title='bbox 794 4109 1012 4190; x_wconf 88' lang='lat' dir='ltr'>eorporis</span> <span class='ocrx_word' id='word_1_171' title='bbox 1045 4107 1193 4173; x_wconf 81' lang='lat' dir='ltr'>forma</span> <span class='ocrx_word' id='word_1_172' title='bbox 1223 4108 1271 4190; x_wconf 89' lang='lat' dir='ltr'>(of.</span> <span class='ocrx_word' id='word_1_173' title='bbox 1303 4109 1338 4174; x_wconf 91' lang='lat' dir='ltr'>P.</span> <span class='ocrx_word' id='word_1_174' title='bbox 1360 4108 1409 4174; x_wconf 90' lang='lat' dir='ltr'>1v</span> 
     </span>
     <span class='ocr_line' id='line_1_28' title="bbox 287 4218 1407 4307; baseline 0.005 -25"><span class='ocrx_word' id='word_1_175' title='bbox 287 4219 339 4282; x_wconf 90' lang='lat'>80.</span> <span class='ocrx_word' id='word_1_176' title='bbox 373 4218 424 4282; x_wconf 90' lang='lat' dir='ltr'>IX</span> <span class='ocrx_word' id='word_1_177' title='bbox 449 4219 521 4282; x_wconf 88' lang='lat'><strong>108.</strong></span> <span class='ocrx_word' id='word_1_178' title='bbox 549 4219 581 4282; x_wconf 90' lang='lat' dir='ltr'>X</span> <span class='ocrx_word' id='word_1_179' title='bbox 608 4220 658 4281; x_wconf 90' lang='lat'>58.</span> <span class='ocrx_word' id='word_1_180' title='bbox 689 4218 728 4282; x_wconf 91' lang='lat' dir='ltr'>N.</span> <span class='ocrx_word' id='word_1_181' title='bbox 751 4218 802 4282; x_wconf 87' lang='lat' dir='ltr'>XI</span> <span class='ocrx_word' id='word_1_182' title='bbox 827 4220 889 4301; x_wconf 81' lang='grc'><strong>12),</strong></span> <span class='ocrx_word' id='word_1_183' title='bbox 919 4220 1011 4284; x_wconf 89' lang='lat' dir='ltr'>etde</span> <span class='ocrx_word' id='word_1_184' title='bbox 1033 4221 1277 4288; x_wconf 90' lang='lat' dir='ltr'>uullamuliere</span> <span class='ocrx_word' id='word_1_185' title='bbox 1301 4223 1407 4307; x_wconf 86' lang='lat' dir='ltr'>aptius</span> 
     </span>
     <span class='ocr_line' id='line_1_29' title="bbox 285 4307 1407 4419; baseline 0.004 -24"><span class='ocrx_word' id='word_1_186' title='bbox 285 4331 428 4396; x_wconf 85' lang='lat' dir='ltr'>adhiberi</span> <span class='ocrx_word' id='word_1_187' title='bbox 450 4332 555 4414; x_wconf 89' lang='lat' dir='ltr'>potuit</span> <span class='ocrx_word' id='word_1_188' title='bbox 574 4307 674 4413; x_wconf 52' lang='lat' dir='ltr'>&#39;quam</span> <span class='ocrx_word' id='word_1_189' title='bbox 699 4331 738 4395; x_wconf 88' lang='lat' dir='ltr'>de</span> <span class='ocrx_word' id='word_1_190' title='bbox 760 4331 923 4412; x_wconf 76' lang='lat' dir='ltr'>Alcmena,</span> <span class='ocrx_word' id='word_1_191' title='bbox 949 4350 1046 4415; x_wconf 86' lang='lat' dir='ltr'>quam</span> <span class='ocrx_word' id='word_1_192' title='bbox 1068 4322 1176 4398; x_wconf 89' lang='lat' dir='ltr'>amore</span> <span class='ocrx_word' id='word_1_193' title='bbox 1199 4353 1258 4398; x_wconf 86' lang='lat' dir='ltr'>suo</span> <span class='ocrx_word' id='word_1_194' title='bbox 1277 4334 1407 4419; x_wconf 84' lang='lat' dir='ltr'>dignam</span> 
     </span>
     <span class='ocr_line' id='line_1_30' title="bbox 285 4443 991 4528; baseline -0.001 -21"><span class='ocrx_word' id='word_1_195' title='bbox 285 4445 397 4509; x_wconf 90' lang='lat' dir='ltr'>habuit</span> <span class='ocrx_word' id='word_1_196' title='bbox 419 4446 488 4528; x_wconf 82' lang='lat' dir='ltr'>ipae</span> <span class='ocrx_word' id='word_1_197' title='bbox 515 4444 647 4508; x_wconf 92' lang='lat' dir='ltr'>deorum</span> <span class='ocrx_word' id='word_1_198' title='bbox 669 4443 903 4528; x_wconf 87' lang='lat' dir='ltr'>hominumque</span> <span class='ocrx_word' id='word_1_199' title='bbox 924 4462 991 4508; x_wconf 86' lang='lat' dir='ltr'>rex.</span> 
     </span>
    </p>
   </div>
   <div class='ocr_carea' id='block_1_7' title="bbox 0 0 1818 5598">
    <p class='ocr_par' dir='ltr' id='par_1_9' title="bbox 0 0 1818 5598">
     <span class='ocr_line' id='line_1_31' title="bbox 0 0 1818 5598; baseline 0 0"><span class='ocrx_word' id='word_1_200' title='bbox 0 0 1818 5598; x_wconf 95' lang='lat' dir='ltr'> </span> 
     </span>
    </p>
   </div>
  </div>
 </body>
</html>
